@article{adams1963,
	title = {Towards an understanding of inequity.},
	author = {Adams, J. Stacy},
	year = {1963},
	month = {11},
	date = {1963-11},
	journal = {The Journal of Abnormal and Social Psychology},
	pages = {422--436},
	volume = {67},
	number = {5},
	doi = {10.1037/h0040968},
	url = {http://dx.doi.org/10.1037/h0040968},
	langid = {en}
}

@article{autor2003,
	title = {The Skill Content of Recent Technological Change: An Empirical Exploration},
	author = {Autor, D. H. and Levy, F. and Murnane, R. J.},
	year = {2003},
	month = {11},
	date = {2003-11-01},
	journal = {The Quarterly Journal of Economics},
	pages = {1279--1333},
	volume = {118},
	number = {4},
	doi = {10.1162/003355303322552801},
	url = {http://dx.doi.org/10.1162/003355303322552801},
	langid = {en}
}

@inbook{acemoglu2011,
	title = {Skills, Tasks and Technologies: Implications for Employment and Earnings},
	author = {Acemoglu, Daron and Autor, David},
	year = {2011},
	date = {2011},
	publisher = {Elsevier},
	pages = {1043--1171},
	doi = {10.1016/s0169-7218(11)02410-5},
	url = {http://dx.doi.org/10.1016/S0169-7218(11)02410-5},
	langid = {en}
}

@article{akay2023,
	title = {Non-cognitive skills and labour market performance of immigrants},
	author = {Akay, Alpaslan and Yilmaz, Levent},
	editor = {Zhu, Rong},
	year = {2023},
	month = {05},
	date = {2023-05-03},
	journal = {PLOS ONE},
	pages = {e0281048},
	volume = {18},
	number = {5},
	doi = {10.1371/journal.pone.0281048},
	url = {http://dx.doi.org/10.1371/journal.pone.0281048},
	langid = {en}
}

@inbook{akkermans2021,
	title = {Ready, Set, Go!},
	author = {Akkermans, Jos and Blokker, Rowena and Buers, Corine and Heijden, Beatrice Van der and Vos, Ans De},
	year = {2021},
	month = {03},
	date = {2021-03-31},
	publisher = {Oxford University PressNew York},
	pages = {77--104},
	doi = {10.1093/oso/9780190941512.003.0004},
	url = {http://dx.doi.org/10.1093/oso/9780190941512.003.0004},
	langid = {en}
}

@article{quarto,
	title = {quarto: R Interface to 'Quarto' Markdown Publishing System},
	author = {Allaire, JJ and Dervieux, Christophe},
	year = {2024},
	date = {2024},
	url = {https://CRAN.R-project.org/package=quarto}
}

@article{allmang2022,
	title = {Untangling the Effects of COVID-19 on Youth Employment: Directions for Social Work Research},
	author = {Allmang, Skye and Plummer, Jason Anthony and Copeland, Victoria and Riascos, Maritza Caicedo},
	year = {2022},
	month = {09},
	date = {2022-09-01},
	journal = {Journal of the Society for Social Work and Research},
	pages = {433--439},
	volume = {13},
	number = {3},
	doi = {10.1086/720981},
	url = {http://dx.doi.org/10.1086/720981},
	langid = {en}
}

@article{allport1936,
	title = {Trait-names: A psycho-lexical study.},
	author = {Allport, Gordon W. and Odbert, Henry S.},
	year = {1936},
	journal = {Psychological Monographs},
	pages = {i--171},
	volume = {47},
	number = {1},
	doi = {10.1037/h0093360},
	url = {http://dx.doi.org/10.1037/h0093360},
	langid = {en}
}

@inbook{almlund2011,
	title = {Personality Psychology and Economics},
	author = {Almlund, Mathilde and Duckworth, Angela Lee and Heckman, James and Kautz, Tim},
	year = {2011},
	date = {2011},
	publisher = {Elsevier},
	pages = {1--181},
	doi = {10.1016/b978-0-444-53444-6.00001-8},
	url = {http://dx.doi.org/10.1016/B978-0-444-53444-6.00001-8},
	langid = {en}
}

@conference{brown2009,
  author       = {Andrew Brown and Andy Charlwood and Chris Forde and David Spencer},
  title        = {Is Job Satisfaction U-Shaped in Wages?},
  booktitle    = {Conference of the Regulating for Decent Work Network: Regulating for Decent Work: Innovative Regulation as a Response to Globalization},
  address      = {Geneva, Switzerland},
  organization = {International Labour Office},
  month        = {July},
  year         = {2009},
  url          = {https://webapps.ilo.org/static/english/protection/travail/pdf/rdwpaper28b.pdf}
}



@article{modelsummary,
	title = {{\textbraceleft}modelsummary{\textbraceright}: Data and Model Summaries in {\textbraceleft}R{\textbraceright}},
	author = {Arel-Bundock, Vincent},
	year = {2022},
	date = {2022},
	volume = {103},
	doi = {10.18637/jss.v103.i01}
}

@techreport{chevalier2002,
  author       = {Chevalier, Arnaud and Lydon, Reamonn},
  title        = {Estimates of the Effect of Wages on Job Satisfaction},
  institution  = {Centre for Economic Performance, London School of Economics and Political Science},
  year         = {2002},
  number       = {dp0531},
  type         = {Discussion Paper},
  url          = {https://cep.lse.ac.uk/pubs/download/DP0531.pdf}
}


@article{attanasio2020,
	title = {Inequality in socio-emotional skills: A cross-cohort comparison},
	author = {Attanasio, Orazio and Blundell, Richard and Conti, Gabriella and Mason, Giacomo},
	year = {2020},
	month = {11},
	date = {2020-11},
	journal = {Journal of Public Economics},
	pages = {104171},
	volume = {191},
	doi = {10.1016/j.jpubeco.2020.104171},
	url = {http://dx.doi.org/10.1016/j.jpubeco.2020.104171},
	langid = {en}
}


@article{avanesian2024,
	title = {How Far Are NEET Youth Falling Behind in Their Non-Cognitive Skills? An Econometric Analysis of Disparities},
	author = {Avanesian, Garen and Borovskaya, Marina and Masych, Marina and Dikaya, Ludmila and Ryzhova, Victoria and Egorova, Valeria},
	year = {2024},
	month = {01},
	date = {2024-01-19},
	journal = {Economies},
	pages = {25},
	volume = {12},
	number = {1},
	doi = {10.3390/economies12010025},
	url = {http://dx.doi.org/10.3390/economies12010025},
	langid = {en}
}

@article{avanesian2025,
	title = {Do Non-Cognitive Skills Produce Heterogeneous Returns Across Different Wage Levels Amongst Youth Entering the Workforce? A Quantile Mixed Model Approach},
	author = {Avanesian, Garen},
	year = {2025},
	month = {04},
	date = {2025-04-22},
	journal = {Economies},
	pages = {114},
	volume = {13},
	number = {5},
	doi = {10.3390/economies13050114},
	url = {http://dx.doi.org/10.3390/economies13050114},
	langid = {en}
}

@article{avanesian2025a,
	title = {The effect of non-cognitive skills on academic performance: does it vary by socio-economic status?},
	author = {Avanesian, Garen and Rozhkova, Ksenia},
	year = {2025},
	date = {2025},
	journal = {International Journal of Educational Research},
	pages = {102680},
	volume = {133},
	doi = {10.1016/j.ijer.2025.102680},
	url = {http://dx.doi.org/10.1016/j.ijer.2025.102680},
	langid = {en}
}

@article{baay2014,
	title = {Understanding the role of social capital in adolescents' Big Five personality effects on school{-}to{-}work transitions},
	author = {Baay, Pieter E. and van Aken, Marcel A.G. and de Ridder, Denise T.D. and van der Lippe, Tanja},
	year = {2014},
	month = {05},
	date = {2014-05-15},
	journal = {Journal of Adolescence},
	pages = {739--748},
	volume = {37},
	number = {5},
	doi = {10.1016/j.adolescence.2014.04.015},
	url = {http://dx.doi.org/10.1016/j.adolescence.2014.04.015},
	langid = {en}
}

@article{baert2013,
	title = {Overeducation at the start of the career: Stepping stone or trap?},
	author = {Baert, Stijn and Cockx, Bart and Verhaest, Dieter},
	year = {2013},
	month = {12},
	date = {2013-12},
	journal = {Labour Economics},
	pages = {123--140},
	volume = {25},
	doi = {10.1016/j.labeco.2013.04.013},
	url = {http://dx.doi.org/10.1016/j.labeco.2013.04.013},
	langid = {en}
}
@book{self-eff1995,
	title = {Self-Efficacy in Changing Societies},
	editor = {Bandura, Albert},
	year = {1995},
	month = {04},
	date = {1995-04-28},
	publisher = {Cambridge University Press},
	doi = {10.1017/cbo9780511527692},
	url = {http://dx.doi.org/10.1017/cbo9780511527692}
}

@article{bal-domanska2022,
  author       = {Bal-Domańska, Beata},
  title        = {The impact of macroeconomic and structural factors on the unemployment of young women and men},
  journal      = {Economic Change and Restructuring},
  year         = {2022},
  volume       = {55},
  pages        = {1141--1172},
  doi          = {https://doi.org/10.1007/s10644-021-09341-9}
}

@article{ballo2022,
  author       = {Ballo, Jannike Gottschalk and Heglum, Mari Amdahl and Nilsen, Wendy and Bernstrøm, Vilde Hoff},
  title        = {Can adolescent work experience protect vulnerable youth? A population wide longitudinal study of young adults not in education, employment or training (NEET)},
  journal      = {Journal of Education and Work},
  year         = {2022},
  volume       = {35},
  pages        = {502--520},
  doi          = {https://doi.org/10.1080/13639080.2022.2099534} 
}



@article{bates2015,
	title = {Fitting Linear Mixed-Effects Models Using lme4},
	author = {Bates, Douglas and Machler, Martin and Bolker, Ben and Walker, Steve},
	year = {2015},
	date = {2015},
	journal = {Journal of Statistical Software},
	volume = {67},
	number = {1},
	doi = {10.18637/jss.v067.i01},
	url = {http://dx.doi.org/10.18637/jss.v067.i01},
	langid = {en}
}



@article{berber2022,
	title = {The Mediating Role of Job Satisfaction in the Relationship between FWAs and Turnover Intentions},
	author = {Berber, Nemanja and {Ga{\v{s}}i{\'{c}}}, Dimitrije and {Kati{\'{c}}}, Ivana and Borocki, Jelena},
	year = {2022},
	month = {04},
	date = {2022-04-10},
	journal = {Sustainability},
	pages = {4502},
	volume = {14},
	number = {8},
	doi = {10.3390/su14084502},
	url = {http://dx.doi.org/10.3390/su14084502},
	langid = {en}
}


@article{berlin2021,
  author       = {Berlin, Marie and Kääriälä, Antti and Lausten, Mette and Andersson, Gunnar and Brännström, Lars},
  title        = {Long-term NEET among young adults with experience of out-of-home care: A comparative study of three Nordic countries},
  journal      = {International Journal of Social Welfare},
  year         = {2021},
  volume       = {30},
  pages        = {266--279},
  doi          = {https://doi.org/10.1111/ijsw.12463}
}


@article{bingol2020,
  author       = {Bingöl, Ufuk},
  title        = {The Macroeconomic Determinants of NEET: A Panel Data Analysis For Fragile Five Countries and Russia},
  journal      = {Journal of Management and Economics Research},
  year         = {2020},
  volume       = {18},
  pages        = {173--189},
  doi          = {}
}

@article{bishop1989a,
  author={Bishop, John Hillman},
  title={{Is the Test Score Decline Responsible for the Productivity Growth Decline?}},
  journal={American Economic Review},
  year=1989,
  volume={79},
  number={1},
  pages={178-197},
  month={March},
  keywords={},
  doi={},
  abstract={ The test score decline between 1967 and 1980 was large (about 1.25 grade level equivalents) and historically unprecedented. New estimates of the trends in academic achievement, of the effect of academic achievement on productivity, and of trends in the quality of the work force are developed. The test score decline did not cause the post-1965 productivity growth slowdown, but it did contribute to its perpetuation. If test scores had continued to grow after 1967 at the rate prevailing in the previous quarter century, labor force quality would have been 2.9 percent ($86 billion) greater in 1987, 5.5 percent greater in 2000, and 6.7 percent greater in 2010. Copyright 1989 by American Economic Association.},
  url={https://ideas.repec.org/a/aea/aecrev/v79y1989i1p178-97.html}
}

@techreport{bishop1989b,
  title={Achievement, test scores and relative wages},
  author={Bishop, John H.},
  institution={Center for Advanced Human Resource Studies, New York State School of Industrial and Labor Relations, Cornell University},
  year={1989},
  number={89-22},
  address={Ithaca, N.Y.},
  note={Working Paper}
}

@article{blackburn1993,
	title = {Omitted-Ability Bias and the Increase in the Return to Schooling},
	author = {Blackburn, McKinley L. and Neumark, David},
	year = {1993},
	month = {07},
	date = {1993-07},
	journal = {Journal of Labor Economics},
	pages = {521--544},
	volume = {11},
	number = {3},
	doi = {10.1086/298306},
	url = {http://dx.doi.org/10.1086/298306},
	langid = {en}
}

@article{blokker2023,
	title = {Organizing School-to-Work Transition Research from a Sustainable Career Perspective: A Review and Research Agenda},
	author = {Blokker, Rowena and Akkermans, Jos and Marciniak, Julian and Jansen, Paul G W and Khapova, Svetlana N},
	editor = {Wang, Mo},
	year = {2023},
	month = {04},
	date = {2023-04-24},
	journal = {Work, Aging and Retirement},
	pages = {239--261},
	volume = {9},
	number = {3},
	doi = {10.1093/workar/waad012},
	url = {http://dx.doi.org/10.1093/workar/waad012},
	langid = {en}
}



@article{borghans2008,
	title = {The Economics and Psychology of Personality Traits},
	author = {Borghans, Lex and Duckworth, Angela Lee and Heckman, James J. and Weel, Bas ter},
	year = {2008},
	date = {2008},
	journal = {Journal of Human Resources},
	pages = {972--1059},
	volume = {43},
	number = {4},
	doi = {10.3368/jhr.43.4.972},
	url = {http://dx.doi.org/10.3368/jhr.43.4.972},
	langid = {en}
}



@article{borjas1979,
	title = {Job Satisfaction, Wages, and Unions},
	author = {Borjas, George J.},
	year = {1979},
	date = {1979},
	journal = {The Journal of Human Resources},
	pages = {21},
	volume = {14},
	number = {1},
	doi = {10.2307/145536},
	url = {http://dx.doi.org/10.2307/145536}
}



@inbook{bourdieu2018,
	title = {The Forms of Capital},
	author = {Bourdieu, Pierre},
	year = {2018},
	month = {04},
	date = {2018-04-17},
	publisher = {Routledge},
	pages = {78--92},
	doi = {10.4324/9780429494338-6},
	url = {http://dx.doi.org/10.4324/9780429494338-6},
	langid = {en}
}

@book{bowles1976,
  title={Schooling in Capitalist America: Educational Reform and the Contradictions of Economic Life},
  author={Bowles, Samuel and Gintis, Herbert},
  year={1976},
  publisher={Basic Books},
  address={New York, NY}
}

@article{bowles2002,
	title = {The Inheritance of Inequality},
	author = {Bowles, Samuel and Gintis, Herbert},
	year = {2002},
	month = {08},
	date = {2002-08-01},
	journal = {Journal of Economic Perspectives},
	pages = {3--30},
	volume = {16},
	number = {3},
	doi = {10.1257/089533002760278686},
	url = {http://dx.doi.org/10.1257/089533002760278686},
	langid = {en}
}

@article{bowles2001,
	title = {The Determinants of Earnings: A Behavioral Approach},
	author = {Bowles, Samuel and Gintis, Herbert and Osborne, Melissa},
	year = {2001},
	month = {12},
	date = {2001-12-01},
	journal = {Journal of Economic Literature},
	pages = {1137--1176},
	volume = {39},
	number = {4},
	doi = {10.1257/jel.39.4.1137},
	url = {http://dx.doi.org/10.1257/jel.39.4.1137},
	langid = {en}
}

@article{buhl2007,
	title = {Well-Being and the Child{\textendash}Parent Relationship at the Transition From University to Work Life},
	author = {Buhl, Heike M.},
	year = {2007},
	month = {09},
	date = {2007-09},
	journal = {Journal of Adolescent Research},
	pages = {550--571},
	volume = {22},
	number = {5},
	doi = {10.1177/0743558407305415},
	url = {http://dx.doi.org/10.1177/0743558407305415},
	langid = {en}
}

@article{cain2010,
	title = {When to Start Treatment? A Systematic Approach to the Comparison of Dynamic Regimes Using Observational Data},
	author = {Cain, Lauren E. and Robins, James M. and Lanoy, Emilie and Logan, Roger and Costagliola, Dominique and {Hernán}, Miguel A.},
	year = {2010},
	month = {01},
	date = {2010-01-13},
	journal = {The International Journal of Biostatistics},
	volume = {6},
	number = {2},
	doi = {10.2202/1557-4679.1212},
	url = {http://dx.doi.org/10.2202/1557-4679.1212}
}

@article{carter2019,
	title = {The roles of non-cognitive and cognitive skills in the life course development of adult health inequalities},
	author = {Carter, Jennifer L. and Richards, Marcus and Hotopf, Matthew and Hatch, Stephani L.},
	year = {2019},
	month = {07},
	date = {2019-07},
	journal = {Social Science & Medicine},
	pages = {190--198},
	volume = {232},
	doi = {10.1016/j.socscimed.2019.04.041},
	url = {http://dx.doi.org/10.1016/j.socscimed.2019.04.041},
	langid = {en}
}

@inbook{causali2006,
	title = {Causal inference using multilevel models},
	year = {2006},
	month = {12},
	date = {2006-12-18},
	publisher = {Cambridge University Press},
	pages = {503--512},
	doi = {10.1017/cbo9780511790942.029},
	url = {http://dx.doi.org/10.1017/CBO9780511790942.029}
}

@article{chamberlain1975,
	title = {Unobservables with a Variance-Components Structure: Ability, Schooling, and the Economic Success of Brothers},
	author = {Chamberlain, Gary and Griliches, Zvi},
	year = {1975},
	month = {06},
	date = {1975-06},
	journal = {International Economic Review},
	pages = {422},
	volume = {16},
	number = {2},
	doi = {10.2307/2525824},
	url = {http://dx.doi.org/10.2307/2525824}
}



@article{chavadi2021,
	title = {Mediating Role of Job Satisfaction on Turnover Intentions and Job Mismatch Among Millennial Employees in Bengaluru},
	author = {Chavadi, Chandan A. and Sirothiya, Monika and M R, Vishwanatha},
	year = {2021},
	month = {04},
	date = {2021-04-18},
	journal = {Business Perspectives and Research},
	pages = {79--100},
	volume = {10},
	number = {1},
	doi = {10.1177/2278533721994712},
	url = {http://dx.doi.org/10.1177/2278533721994712},
	langid = {en}
}

@article{chesnaye2021,
	title = {An introduction to inverse probability of treatment weighting in observational research},
	author = {Chesnaye, Nicholas C and Stel, Vianda S and Tripepi, Giovanni and Dekker, Friedo W and Fu, Edouard L and Zoccali, Carmine and Jager, Kitty J},
	year = {2021},
	month = {08},
	date = {2021-08-26},
	journal = {Clinical Kidney Journal},
	pages = {14--20},
	volume = {15},
	number = {1},
	doi = {10.1093/ckj/sfab158},
	url = {http://dx.doi.org/10.1093/ckj/sfab158},
	langid = {en}
}

@article{chesters2020,
	title = {Preparing for Successful Transitions between Education and Employment in the Twenty-First Century},
	author = {Chesters, Jenny},
	year = {2020},
	month = {04},
	date = {2020-04},
	journal = {Journal of Applied Youth Studies},
	pages = {133--151},
	volume = {3},
	number = {2},
	doi = {10.1007/s43151-020-00002-8},
	url = {http://dx.doi.org/10.1007/s43151-020-00002-8},
	langid = {en}
}



@book{chioda2017,
	title = {Stop the Violence in Latin America: A Look at Prevention from Cradle to Adulthood},
	author = {Chioda, Laura},
	year = {2017},
	month = {01},
	date = {2017-01-25},
	publisher = {Washington, DC: World Bank},
	doi = {10.1596/978-1-4648-0664-3},
	url = {http://dx.doi.org/10.1596/978-1-4648-0664-3},
	langid = {en}
}

@article{chiteji2010,
	title = {Time Preference, Noncognitive Skills and Well Being across the Life Course: Do Noncognitive Skills Encourage Healthy Behavior?},
	author = {Chiteji, Ngina},
	year = {2010},
	month = {05},
	date = {2010-05-01},
	journal = {American Economic Review},
	pages = {200--204},
	volume = {100},
	number = {2},
	doi = {10.1257/aer.100.2.200},
	url = {http://dx.doi.org/10.1257/aer.100.2.200},
	langid = {en}
}

@techreport{cinque2021,
  author       = {Cinque, Maria and Carretero, Stephanie and Napierala, Joanna},
  title        = {Non-Cognitive Skills and Other Related Concepts: Towards a Better Understanding of Similarities and Differences},
  institution  = {European Commission},
  type         = {JRC Working Papers on Labour, Education and Technology},
  number       = {2021/09},
  address      = {Seville},
  year         = {2021},
  url          = {https://publications.jrc.ec.europa.eu/repository/handle/JRC125837}
}



@article{clark1995,
	title = {Constructing validity: Basic issues in objective scale development.},
	author = {Clark, Lee Anna and Watson, David},
	year = {1995},
	month = {09},
	date = {1995-09},
	journal = {Psychological Assessment},
	pages = {309--319},
	volume = {7},
	number = {3},
	doi = {10.1037/1040-3590.7.3.309},
	url = {http://dx.doi.org/10.1037/1040-3590.7.3.309},
	langid = {en}
}

@article{clark1996,
	title = {Satisfaction and comparison income},
	author = {Clark, Andrew E. and Oswald, Andrew J.},
	year = {1996},
	month = {09},
	date = {1996-09},
	journal = {Journal of Public Economics},
	pages = {359--381},
	volume = {61},
	number = {3},
	doi = {10.1016/0047-2727(95)01564-7},
	url = {http://dx.doi.org/10.1016/0047-2727(95)01564-7},
	langid = {en}
}

@article{cobb-clark2012,
	title = {The stability of big-five personality traits},
	author = {Cobb-Clark, Deborah A. and Schurer, Stefanie},
	year = {2012},
	month = {04},
	date = {2012-04},
	journal = {Economics Letters},
	pages = {11--15},
	volume = {115},
	number = {1},
	doi = {10.1016/j.econlet.2011.11.015},
	url = {http://dx.doi.org/10.1016/j.econlet.2011.11.015},
	langid = {en}
}

@article{cobb-clark2011,
	title = {Two Economists{\textquoteright} Musings on the Stability of Locus of Control},
	author = {Cobb-Clark, Deborah A. and Schurer, Stefanie},
	year = {2011},
	date = {2011},
	journal = {SSRN Electronic Journal},
	doi = {10.2139/ssrn.1804017},
	url = {http://dx.doi.org/10.2139/ssrn.1804017},
	langid = {en}
}


@article{collischon2017,
	title = {The Returns to Personality Traits Across the Wage Distribution},
	author = {Collischon, Matthias},
	year = {2017},
	date = {2017},
	journal = {SSRN Electronic Journal},
	doi = {10.2139/ssrn.3043648},
	url = {http://dx.doi.org/10.2139/ssrn.3043648},
	langid = {en}
}

@article{collischon2019,
	title = {The Returns to Personality Traits Across the Wage Distribution},
	author = {Collischon, Matthias},
	year = {2019},
	month = {09},
	date = {2019-09-02},
	journal = {LABOUR},
	pages = {48--79},
	volume = {34},
	number = {1},
	doi = {10.1111/labr.12165},
	url = {http://dx.doi.org/10.1111/labr.12165},
	langid = {en}
}



@article{cooper2014,
	title = {Personality and Job Satisfaction: Evidence from a Sample of Street-Level Bureaucrats},
	author = {Cooper, Christopher A. and Carpenter, Dale and Reiner, Audrey and McCord, David M.},
	year = {2014},
	month = {01},
	date = {2014-01-30},
	journal = {International Journal of Public Administration},
	pages = {155--162},
	volume = {37},
	number = {3},
	doi = {10.1080/01900692.2013.798810},
	url = {http://dx.doi.org/10.1080/01900692.2013.798810},
	langid = {en}
}

@article{costa1992a,
	title = {Four ways five factors are basic},
	author = {Costa, Paul T. and McCrae, Robert R.},
	year = {1992},
	month = {06},
	date = {1992-06},
	journal = {Personality and Individual Differences},
	pages = {653--665},
	volume = {13},
	number = {6},
	doi = {10.1016/0191-8869(92)90236-i},
	url = {http://dx.doi.org/10.1016/0191-8869(92)90236-I},
	langid = {en}
}

@book{costa1992b,
  author    = {Costa, Paul T. and McCrae, Robert R.},
  title     = {Revised NEO Personality Inventory (NEO-PI-R) and NEO Five-Factor Inventory (NEO-FFI) Professional Manual},
  year      = {1992},
  publisher = {Psychological Assessment Resources},
  address   = {Odessa, FL}
}

@article{cunha2007,
	title = {The Technology of Skill Formation},
	author = {Cunha, Flavio and Heckman, James},
	year = {2007},
	month = {04},
	date = {2007-04-01},
	journal = {American Economic Review},
	pages = {31--47},
	volume = {97},
	number = {2},
	doi = {10.1257/aer.97.2.31},
	url = {http://dx.doi.org/10.1257/aer.97.2.31},
	langid = {en}
}

@article{deming2017,
	title = {The Growing Importance of Social Skills in the Labor Market*},
	author = {Deming, David J.},
	year = {2017},
	month = {06},
	date = {2017-06-06},
	journal = {The Quarterly Journal of Economics},
	pages = {1593--1640},
	volume = {132},
	number = {4},
	doi = {10.1093/qje/qjx022},
	url = {http://dx.doi.org/10.1093/qje/qjx022},
	langid = {en}
}

@article{duckworth2007,
	title = {Grit: Perseverance and passion for long-term goals.},
	author = {Duckworth, Angela L. and Peterson, Christopher and Matthews, Michael D. and Kelly, Dennis R.},
	year = {2007},
	date = {2007},
	journal = {Journal of Personality and Social Psychology},
	pages = {1087--1101},
	volume = {92},
	number = {6},
	doi = {10.1037/0022-3514.92.6.1087},
	url = {http://dx.doi.org/10.1037/0022-3514.92.6.1087},
	langid = {en}
}

@article{duckworth2015,
	title = {Measurement Matters},
	author = {Duckworth, Angela L. and Yeager, David Scott},
	year = {2015},
	month = {05},
	date = {2015-05},
	journal = {Educational Researcher},
	pages = {237--251},
	volume = {44},
	number = {4},
	doi = {10.3102/0013189x15584327},
	url = {http://dx.doi.org/10.3102/0013189X15584327},
	langid = {en}
}





@article{edin2022,
	title = {The Rising Return to Noncognitive Skill},
	author = {Edin, Per-Anders and Fredriksson, Peter and Nybom, Martin and {Öckert}, {Björn}},
	year = {2022},
	month = {04},
	date = {2022-04-01},
	journal = {American Economic Journal: Applied Economics},
	pages = {78--100},
	volume = {14},
	number = {2},
	doi = {10.1257/app.20190199},
	url = {http://dx.doi.org/10.1257/app.20190199},
	langid = {en}
}



@book{ehrenberg2017,
	title = {Modern Labor Economics},
	author = {Ehrenberg, Ronald and Smith, Robert},
	year = {2017},
	month = {07},
	date = {2017-07-28},
	publisher = {Routledge},
	doi = {10.4324/9781315103501},
	url = {http://dx.doi.org/10.4324/9781315103501},
	langid = {en}
}

@techreport{elder2015,
  author       = {Elder, Sara},
  title        = {What Does NEETs Mean and Why Is the Concept so Easily Misinterpreted?},
  institution  = {International Labour Office},
  type         = {ILO Technical Brief No. 1},
  year         = {2015},
  address      = {Geneva},
  url          = {https://www.ilo.org/wcmsp5/groups/public/---dgreports/---dcomm/documents/publication/wcms_343153.pdf},
  note         = {Accessed on 15 October 2023}
}

@article{elkins2020,
	title = {Exploring the role of parental engagement in non-cognitive skill development over the lifecourse},
	author = {Elkins, Rosemary and Schurer, Stefanie},
	year = {2020},
	month = {04},
	date = {2020-04-30},
	journal = {Journal of Population Economics},
	pages = {957--1004},
	volume = {33},
	number = {3},
	doi = {10.1007/s00148-020-00767-5},
	url = {http://dx.doi.org/10.1007/s00148-020-00767-5},
	langid = {en}
}



@article{emirza2021,
	title = {The quality of international mobility experiences, general self-efficacy and job search self-efficacy: A time-lagged investigation},
	author = {Emirza, Sevgi and {Öztürk}, {Engin Ba{\u{g}}{\i}{\c{s}}} and {{\c{S}}engönül}, {Ayça Sade}},
	year = {2021},
	month = {01},
	date = {2021-01-22},
	journal = {Current Psychology},
	pages = {1580--1591},
	volume = {40},
	number = {4},
	doi = {10.1007/s12144-021-01394-3},
	url = {http://dx.doi.org/10.1007/s12144-021-01394-3},
	langid = {en}
}


@article{eren2013,
	title = {The effect of noncognitive ability on the earnings of young men: A distributional analysis with measurement error correction},
	author = {Eren, Ozkan and Ozbeklik, Serkan},
	year = {2013},
	month = {10},
	date = {2013-10},
	journal = {Labour Economics},
	pages = {293--304},
	volume = {24},
	doi = {10.1016/j.labeco.2013.08.007},
	url = {http://dx.doi.org/10.1016/j.labeco.2013.08.007},
	langid = {en}
}

@techreport{farrington2012,
  author       = {Farrington, Camille A. and Roderick, Melissa and Allensworth, Elaine and Nagaoka, Jenny and Keyes, Tasha Seneca and Johnson, David W. and Beechum, Nicole O.},
  title        = {Teaching Adolescents to Become Learners: The Role of Noncognitive Factors in Shaping School Performance. A Critical Literature Review},
  institution  = {University of Chicago Consortium on Chicago School Research},
  address      = {Chicago},
  year         = {2012},
  url          = {https://consortium.uchicago.edu/publications/teaching-adolescents-become-learners-role-noncognitive-factors-shaping-school}
}

@article{ferguson2011,
	title = {Personality and economics: Overview and proposed framework},
	author = {Ferguson, Eamonn and Heckman, James J. and Corr, Philip},
	year = {2011},
	month = {08},
	date = {2011-08},
	journal = {Personality and Individual Differences},
	pages = {201--209},
	volume = {51},
	number = {3},
	doi = {10.1016/j.paid.2011.03.030},
	url = {http://dx.doi.org/10.1016/j.paid.2011.03.030},
	langid = {en}
}

@article{filer1986,
	title = {The Role of Personality and Tastes in Determining Occupational Structure},
	author = {Filer, Randall K.},
	year = {1986},
	month = {04},
	date = {1986-04},
	journal = {ILR Review},
	pages = {412--424},
	volume = {39},
	number = {3},
	doi = {10.1177/001979398603900308},
	url = {http://dx.doi.org/10.1177/001979398603900308},
	langid = {en}
}

@book{fisher1931,
  author    = {Fisher, V. E. and Hanna, J. V.},
  title     = {The Dissatisfied Worker},
  year      = {1931},
  publisher = {Macmillan},
  address   = {New York}
}

@book{herzberg1971,
  author    = {Frederick Herzberg},
  title     = {Work and the Nature of Man},
  publisher = {World Publishing Company},
  address   = {Cleveland},
  year      = {1971}
}

@book{taylor1911,
  author    = {Frederick Winslow Taylor},
  title     = {The Principles of Scientific Management},
  year      = {1911},
  note      = {Originally published in 1911. Reprinted by Dover Publications, 1997},
  publisher = {Dover Publications},
  address   = {New York},
  edition   = {Reprint edition},
  year      = {1997},
  isbn      = {978-0486299884},
  language  = {English}
}



@article{freeman1978,
  author       = {Freeman, Richard B.},
  title        = {Job Satisfaction as an Economic Variable},
  journal      = {American Economic Review},
  volume       = {68},
  number       = {2},
  pages        = {135--141},
  month        = {May},
  year         = {1978},
  publisher    = {American Economic Association}
}



@article{fuentes2021,
	title = {Causal Inference with Multilevel Data: A Comparison of Different Propensity Score Weighting Approaches},
	author = {Fuentes, Alvaro and {Lüdtke}, Oliver and Robitzsch, Alexander},
	year = {2021},
	month = {06},
	date = {2021-06-15},
	journal = {Multivariate Behavioral Research},
	pages = {916--939},
	volume = {57},
	number = {6},
	doi = {10.1080/00273171.2021.1925521},
	url = {http://dx.doi.org/10.1080/00273171.2021.1925521},
	langid = {en}
}

@article{furnham1986,
	title = {Personality and job satisfaction},
	author = {Furnham, Adrian and Zacherl, Marion},
	year = {1986},
	month = {01},
	date = {1986-01},
	journal = {Personality and Individual Differences},
	pages = {453--459},
	volume = {7},
	number = {4},
	doi = {10.1016/0191-8869(86)90123-6},
	url = {http://dx.doi.org/10.1016/0191-8869(86)90123-6},
	langid = {en}
}

@article{gelman2006,
	title = {Data Analysis Using Regression and Multilevel/Hierarchical Models},
	author = {Gelman, Andrew and Hill, Jennifer},
	year = {2006},
	month = {12},
	date = {2006-12-18},
	doi = {10.1017/cbo9780511790942},
	url = {http://dx.doi.org/10.1017/CBO9780511790942}
}

@inbook{causali2006,
	title = {Causal inference using multilevel models},
	author = {Gelman, Andrew and Hill, Jennifer},
	year = {2006},
	month = {12},
	date = {2006-12-18},
	publisher = {Cambridge University Press},
	pages = {503--512},
	doi = {10.1017/cbo9780511790942.029},
	url = {http://dx.doi.org/10.1017/CBO9780511790942.029}
}

@article{gensowski2018,
	title = {Personality, IQ, and lifetime earnings},
	author = {Gensowski, Miriam},
	year = {2018},
	month = {04},
	date = {2018-04},
	journal = {Labour Economics},
	pages = {170--183},
	volume = {51},
	doi = {10.1016/j.labeco.2017.12.004},
	url = {http://dx.doi.org/10.1016/j.labeco.2017.12.004},
	langid = {en}
}

@article{geraci2006,
	title = {Quantile regression for longitudinal data using the asymmetric Laplace distribution},
	author = {Geraci, M. and Bottai, M.},
	year = {2006},
	month = {04},
	date = {2006-04-24},
	journal = {Biostatistics},
	pages = {140--154},
	volume = {8},
	number = {1},
	doi = {10.1093/biostatistics/kxj039},
	url = {http://dx.doi.org/10.1093/biostatistics/kxj039},
	langid = {en}
}

@article{geraci2013,
	title = {Linear quantile mixed models},
	author = {Geraci, Marco and Bottai, Matteo},
	year = {2013},
	month = {02},
	date = {2013-02-20},
	journal = {Statistics and Computing},
	pages = {461--479},
	volume = {24},
	number = {3},
	doi = {10.1007/s11222-013-9381-9},
	url = {http://dx.doi.org/10.1007/s11222-013-9381-9},
	langid = {en}
}

@article{lqmm,
	title = {Linear Quantile Mixed Models: The {\textbraceleft}lqmm{\textbraceright} Package for Laplace Quantile Regression},
	author = {Geraci, Marco},
	journal = {Journal of Statistical Software},
	year = {2014},
	date = {2014},
	volume = {57},
	doi = {10.18637/jss.v057.i13}
}

@article{gil-flores2017,
	title = {The Role of Personal Characteristics and School Characteristics in Explaining Teacher Job Satisfaction},
	author = {Gil-Flores, Javier},
	year = {2017},
	date = {2017},
	journal = {Revista de Psicodidáctica (English ed.)},
	pages = {16--22},
	volume = {22},
	number = {1},
	doi = {10.1387/revpsicodidact.15501},
	url = {http://dx.doi.org/10.1387/RevPsicodidact.15501},
	langid = {en}
}





@article{glewwe2017,
	title = {Cognitive skills, noncognitive skills, and school-to-work transitions in rural China},
	author = {Glewwe, Paul and Huang, Qiuqiong and Park, Albert},
	year = {2017},
	month = {02},
	date = {2017-02},
	journal = {Journal of Economic Behavior & Organization},
	pages = {141--164},
	volume = {134},
	doi = {10.1016/j.jebo.2016.12.009},
	url = {http://dx.doi.org/10.1016/j.jebo.2016.12.009},
	langid = {en}
}

@article{glewwe2022,
	title = {Labor market outcomes, cognitive skills, and noncognitive skills in rural China},
	author = {Glewwe, Paul and Song, Yang and Zou, Xianqiang},
	year = {2022},
	month = {01},
	date = {2022-01},
	journal = {Journal of Economic Behavior & Organization},
	pages = {294--311},
	volume = {193},
	doi = {10.1016/j.jebo.2021.11.021},
	url = {http://dx.doi.org/10.1016/j.jebo.2021.11.021},
	langid = {en}
}

@article{goldberg1990,
	title = {An alternative {"}description of personality{"}: The Big-Five factor structure.},
	author = {Goldberg, Lewis R.},
	year = {1990},
	date = {1990},
	journal = {Journal of Personality and Social Psychology},
	pages = {1216--1229},
	volume = {59},
	number = {6},
	doi = {10.1037/0022-3514.59.6.1216},
	url = {http://dx.doi.org/10.1037/0022-3514.59.6.1216},
	langid = {en}
}

@incollection{goldberg1981,
  author       = {Goldberg, Lewis R.},
  title        = {Language and individual differences: The search for universals in personality lexicons},
  booktitle    = {Review of Personality and Social Psychology: Vol. 2},
  editor       = {Wheeler, L.},
  pages        = {141--165},
  year         = {1981},
  publisher    = {Sage},
  address      = {Beverly Hills, CA}
}

@inbook{green2013,
	title = {What Is Skill?},
	author = {Green, Francis},
	year = {2013},
	month = {06},
	date = {2013-06-06},
	publisher = {Oxford University Press},
	pages = {9--26},
	doi = {10.1093/acprof:osobl/9780199642854.003.0002},
	url = {http://dx.doi.org/10.1093/acprof:osobl/9780199642854.003.0002}
}



@article{WeightIt,
	title = {WeightIt: Weighting for Covariate Balance in Observational Studies},
	author = {Greifer, Noah},
	year = {2024},
	date = {2024},
	url = {https://CRAN.R-project.org/package=WeightIt}
}

@article{griliches1977,
	title = {Estimating the Returns to Schooling: Some Econometric Problems},
	author = {Griliches, Zvi},
	year = {1977},
	month = {01},
	date = {1977-01},
	journal = {Econometrica},
	pages = {1},
	volume = {45},
	number = {1},
	doi = {10.2307/1913285},
	url = {http://dx.doi.org/10.2307/1913285}
}

@article{grogger1995,
	title = {Changes in College Skills and the Rise in the College Wage Premium},
	author = {Grogger, Jeff and Eide, Eric},
	year = {1995},
	date = {1995},
	journal = {The Journal of Human Resources},
	pages = {280},
	volume = {30},
	number = {2},
	doi = {10.2307/146120},
	url = {http://dx.doi.org/10.2307/146120}
}

@article{grosemans2018,
	title = {Work{-}related learning in the transition from higher education to work: The role of the development of self{-}efficacy and achievement goals},
	author = {Grosemans, Ilke and Coertjens, Liesje and Kyndt, Eva},
	year = {2018},
	month = {12},
	date = {2018-12},
	journal = {British Journal of Educational Psychology},
	pages = {19--42},
	volume = {90},
	number = {1},
	doi = {10.1111/bjep.12258},
	url = {http://dx.doi.org/10.1111/bjep.12258},
	langid = {en}
}

@inbook{gutman2016,
	title = {A Synthesis of Causal Evidence Linking Non-Cognitive Skills to Later Outcomes for Children and Adolescents},
	author = {Gutman, Leslie Morrison and Schoon, Ingrid},
	year = {2016},
	date = {2016},
	publisher = {SensePublishers},
	pages = {171--198},
	doi = {10.1007/978-94-6300-591-3_9},
	url = {http://dx.doi.org/10.1007/978-94-6300-591-3_9},
	langid = {en}
}

@article{hahn2012,
	title = {Short measurements of personality {\textendash} Validity and reliability of the GSOEP Big Five Inventory (BFI-S)},
	author = {Hahn, Elisabeth and Gottschling, Juliana and Spinath, Frank M.},
	year = {2012},
	month = {06},
	date = {2012-06},
	journal = {Journal of Research in Personality},
	pages = {355--359},
	volume = {46},
	number = {3},
	doi = {10.1016/j.jrp.2012.03.008},
	url = {http://dx.doi.org/10.1016/j.jrp.2012.03.008},
	langid = {en}
}

@article{hamermesh1977,
  title={Economic aspects of job satisfaction},
  author={Hamermesh, Daniel S},
  journal={Essays in labor market analysis},
  pages={53--72},
  year={1977},
  publisher={New-York: John Wiley \& Sons}
}



@article{hamermesh2001,
	title = {The Changing Distribution of Job Satisfaction},
	author = {Hamermesh, Daniel S.},
	year = {2001},
	date = {2001},
	journal = {The Journal of Human Resources},
	pages = {1},
	volume = {36},
	number = {1},
	doi = {10.2307/3069668},
	url = {http://dx.doi.org/10.2307/3069668}
}

@article{hanushek2008,
	title = {The Role of Cognitive Skills in Economic Development},
	author = {Hanushek, Eric A and Woessmann, Ludger},
	year = {2008},
	month = {08},
	date = {2008-08-01},
	journal = {Journal of Economic Literature},
	pages = {607--668},
	volume = {46},
	number = {3},
	doi = {10.1257/jel.46.3.607},
	url = {http://dx.doi.org/10.1257/jel.46.3.607},
	langid = {en}
}

@article{hanushek2000,
	title = {Schooling, Labor-Force Quality, and the Growth of Nations},
	author = {Hanushek, Eric A and Kimko, Dennis D},
	year = {2000},
	month = {12},
	date = {2000-12-01},
	journal = {American Economic Review},
	pages = {1184--1208},
	volume = {90},
	number = {5},
	doi = {10.1257/aer.90.5.1184},
	url = {http://dx.doi.org/10.1257/aer.90.5.1184},
	langid = {en}
}

@book{gough1983,
  author    = {Harrison G. Gough and Alfred B. Heilbrun},
  title     = {The Adjective Check List Manual},
  year      = {1983},
  publisher = {Consulting Psychologists Press},
  address   = {Palo Alto, CA}
}

@inbook{hastie2017a,
	title = {Generalized additive models},
	author = {Hastie, T.J. and Tibshirani, R.J.},
	year = {2017},
	month = {10},
	date = {2017-10-19},
	publisher = {Routledge},
	pages = {136--173},
	doi = {10.1201/9780203753781-6},
	url = {http://dx.doi.org/10.1201/9780203753781-6},
	langid = {en}
}

@inbook{hastie2017,
	title = {Generalized additive models},
	author = {Hastie, T.J. and Tibshirani, R.J.},
	year = {2017},
	month = {10},
	date = {2017-10-19},
	publisher = {Routledge},
	pages = {136--173},
	doi = {10.1201/9780203753781-6},
	url = {http://dx.doi.org/10.1201/9780203753781-6},
	langid = {en}
}



@article{heckman2001,
	title = {Identifying the Role of Cognitive Ability in Explaining the Level of and Change in the Return to Schooling},
	author = {Heckman, James and Vytlacil, Edward},
	year = {2001},
	month = {02},
	date = {2001-02},
	journal = {Review of Economics and Statistics},
	pages = {1--12},
	volume = {83},
	number = {1},
	doi = {10.1162/003465301750159993},
	url = {http://dx.doi.org/10.1162/003465301750159993},
	langid = {en}
}

@article{heckman2006,
	title = {The Effects of Cognitive and Noncognitive Abilities on Labor Market Outcomes and Social Behavior},
	author = {Heckman, James and Stixrud, Jora and Urzua, Sergio},
	year = {2006},
	month = {07},
	date = {2006-07},
	journal = {Journal of Labor Economics},
	pages = {411--482},
	volume = {24},
	number = {3},
	doi = {10.1086/504455},
	url = {http://dx.doi.org/10.1086/504455},
	langid = {en}
}


@article{heckman2012,
	title = {Hard evidence on soft skills},
	author = {Heckman, James J. and Kautz, Tim},
	year = {2012},
	month = {08},
	date = {2012-08},
	journal = {Labour Economics},
	pages = {451--464},
	volume = {19},
	number = {4},
	doi = {10.1016/j.labeco.2012.05.014},
	url = {http://dx.doi.org/10.1016/j.labeco.2012.05.014},
	langid = {en}
}

@article{heckman2016,
	title = {Capabilities and Skills},
	author = {Heckman, James J. and Corbin, Chase O.},
	year = {2016},
	month = {07},
	date = {2016-07-02},
	journal = {Journal of Human Development and Capabilities},
	pages = {342--359},
	volume = {17},
	number = {3},
	doi = {10.1080/19452829.2016.1200541},
	url = {http://dx.doi.org/10.1080/19452829.2016.1200541},
	langid = {en}
}

@techreport{heckman2013,
	title = {Fostering and Measuring Skills: Interventions That Improve Character and Cognition},
	author = {Heckman, James and Kautz, Tim},
	year = {2013},
	month = {11},
	date = {2013-11},
	doi = {10.3386/w19656},
	url = {http://dx.doi.org/10.3386/w19656}
}

@techreport{heckman2011,
	title = {Integrating Personality Psychology into Economics},
	author = {Heckman, James},
	year = {2011},
	month = {08},
	date = {2011-08},
	doi = {10.3386/w17378},
	url = {http://dx.doi.org/10.3386/w17378}
}

@article{heckman2008,
	title = {Schools, skills, and synapses},
	author = {Heckman, James},
	year = {2008},
	month = {07},
	date = {2008-07},
	journal = {Economic Inquiry},
	pages = {289--324},
	volume = {46},
	number = {3},
	doi = {10.1111/j.1465-7295.2008.00163.x},
	url = {http://dx.doi.org/10.1111/j.1465-7295.2008.00163.x},
	langid = {en}
}

@article{heineck2010,
	title = {The returns to cognitive abilities and personality traits in Germany},
	author = {Heineck, Guido and Anger, Silke},
	year = {2010},
	month = {06},
	date = {2010-06},
	journal = {Labour Economics},
	pages = {535--546},
	volume = {17},
	number = {3},
	doi = {10.1016/j.labeco.2009.06.001},
	url = {http://dx.doi.org/10.1016/j.labeco.2009.06.001},
	langid = {en}
}

@article{heineck2011,
	title = {Does it Pay to Be Nice? Personality and Earnings in the United Kingdom},
	author = {Heineck, Guido},
	year = {2011},
	month = {10},
	date = {2011-10},
	journal = {ILR Review},
	pages = {1020--1038},
	volume = {64},
	number = {5},
	doi = {10.1177/001979391106400509},
	url = {http://dx.doi.org/10.1177/001979391106400509},
	langid = {en}
}

@book{herrnstein1994,
  title={The Bell Curve: Intelligence and Class Structure in American Life},
  author={Herrnstein, Richard J. and Murray, Charles A.},
  year={1994},
  publisher={Free Press},
  address={New York},
  language={English}
}



@article{hight2019,
	title = {Role stress and alcohol use on restaurant server{\textquoteright}s job satisfaction: Which comes first?},
	author = {Hight, S. Kyle and Park, Jeong-Yeol},
	year = {2019},
	month = {01},
	date = {2019-01},
	journal = {International Journal of Hospitality Management},
	pages = {231--239},
	volume = {76},
	doi = {10.1016/j.ijhm.2018.05.012},
	url = {http://dx.doi.org/10.1016/j.ijhm.2018.05.012},
	langid = {en}
}

@article{hsin2017,
	title = {Life-course changes in the mediation of cognitive and non-cognitive skills for parental effects on children{\textquoteright}s academic achievement},
	author = {Hsin, Amy and Xie, Yu},
	year = {2017},
	month = {03},
	date = {2017-03},
	journal = {Social Science Research},
	pages = {150--165},
	volume = {63},
	doi = {10.1016/j.ssresearch.2016.09.012},
	url = {http://dx.doi.org/10.1016/j.ssresearch.2016.09.012},
	langid = {en}
}

@article{humphries2017,
	title = {On the interpretation of non-cognitive skills {\textendash} What is being measured and why it matters},
	author = {Humphries, John Eric and Kosse, Fabian},
	year = {2017},
	month = {04},
	date = {2017-04},
	journal = {Journal of Economic Behavior & Organization},
	pages = {174--185},
	volume = {136},
	doi = {10.1016/j.jebo.2017.02.001},
	url = {http://dx.doi.org/10.1016/j.jebo.2017.02.001},
	langid = {en}
}

@article{hussey2020,
	title = {Hidden Invalidity Among 15 Commonly Used Measures in Social and Personality Psychology},
	author = {Hussey, Ian and Hughes, Sean},
	year = {2020},
	month = {04},
	date = {2020-04-09},
	journal = {Advances in Methods and Practices in Psychological Science},
	pages = {166--184},
	volume = {3},
	number = {2},
	doi = {10.1177/2515245919882903},
	url = {http://dx.doi.org/10.1177/2515245919882903},
	langid = {en}
}

@techreport{ilo2021,
  title={An update on the youth labour market impact of the COVID-19 crisis},
  author={ILO},
  institution={ILO},
  type={Technical Report},
  number={1},
  year={2021},
  url={https://www.ilo.org/resource/brief/update-youth-labour-market-impact-covid-19-crisis}
}

@book{myers1998,
  author    = {Isabel Briggs Myers and Mary H. McCaulley and Naomi L. Quenk and Allen L. Hammer},
  title     = {MBTI Manual: A Guide to the Development and Use of the Myers-Briggs Type Indicator},
  edition   = {3rd},
  year      = {1998},
  publisher = {Consulting Psychologists Press},
  address   = {Palo Alto, CA}
}

@book{mincer1974,
 title = "Schooling, Experience, and Earnings",
 author = "Jacob A. Mincer",
 institution = "National Bureau of Economic Research",
 type = "Book",
 publisher = "NBER",
 year = "1974",
 URL = "https://www.nber.org/books-and-chapters/schooling-experience-and-earnings",
}

@book{jencks1979,
  title={Who gets ahead? : The determinants of economic success in America},
  author={Jencks, Christopher and Bartlett, Susan and Corcoran, Mary and Crouse, James and Eaglesfield, David and Jackson, Gregory and McClelland, Kent and Mueser, Peter and Olneck, Michael and Schwartz, Joseph and Ward, Sherry and Williams, Jill},
  year={1979},
  series={Issue Number 201},
  pages={397},
  publisher={Basic Books}
}

@article{jiang2024,
	title = {The employability consequences of grit: examining the roles of job involvement and team member proactivity},
	author = {Jiang, Lin and Khapova, Svetlana N. and Cai, Wenjing and Gao, Xiaopei},
	year = {2024},
	month = {09},
	date = {2024-09-27},
	journal = {Chinese Management Studies},
	doi = {10.1108/cms-01-2023-0048},
	url = {http://dx.doi.org/10.1108/CMS-01-2023-0048},
	langid = {en}
}

@incollection{john1999,
  author       = {John, Oliver P. and Srivastava, Sanjay},
  title        = {The Big Five Trait Taxonomy: History, Measurement, and Theoretical Perspectives},
  booktitle    = {Handbook of Personality: Theory and Research},
  editor       = {Pervin, Lawrence A. and John, Oliver P.},
  edition      = {2},
  pages        = {102--138},
  year         = {1999},
  publisher    = {Guilford Press},
  address      = {New York}
}

@inbook{jordan2019,
	title = {Chapter 2 The Roles of Grit in Human Resources Theory and Research},
	author = {Jordan, Samantha L. and Wihler, Andreas and Hochwarter, Wayne A. and Ferris, Gerald R.},
	year = {2019},
	month = {06},
	date = {2019-06-24},
	publisher = {Emerald Publishing Limited},
	pages = {53--88},
	doi = {10.1108/s0742-730120190000037003},
	url = {http://dx.doi.org/10.1108/s0742-730120190000037003}
}

@article{judge1999,
	title = {THE BIG FIVE PERSONALITY TRAITS, GENERAL MENTAL ABILITY, AND CAREER SUCCESS ACROSS THE LIFE SPAN},
	author = {Judge, Timothy A. and Higgins, Chad A. and Thoresen, Carl J. and Barrick, Murray R.},
	year = {1999},
	month = {09},
	date = {1999-09},
	journal = {Personnel Psychology},
	pages = {621--652},
	volume = {52},
	number = {3},
	doi = {10.1111/j.1744-6570.1999.tb00174.x},
	url = {http://dx.doi.org/10.1111/j.1744-6570.1999.tb00174.x},
	langid = {en}
}



@article{judge2010,
	title = {The relationship between pay and job satisfaction: A meta-analysis of the literature},
	author = {Judge, Timothy A. and Piccolo, Ronald F. and Podsakoff, Nathan P. and Shaw, John C. and Rich, Bruce L.},
	year = {2010},
	month = {10},
	date = {2010-10},
	journal = {Journal of Vocational Behavior},
	pages = {157--167},
	volume = {77},
	number = {2},
	doi = {10.1016/j.jvb.2010.04.002},
	url = {http://dx.doi.org/10.1016/j.jvb.2010.04.002},
	langid = {en}
}

@article{judge2002,
	title = {Five-factor model of personality and job satisfaction: A meta-analysis.},
	author = {Judge, Timothy A. and Heller, Daniel and Mount, Michael K.},
	year = {2002},
	month = {06},
	date = {2002-06},
	journal = {Journal of Applied Psychology},
	pages = {530--541},
	volume = {87},
	number = {3},
	doi = {10.1037/0021-9010.87.3.530},
	url = {http://dx.doi.org/10.1037/0021-9010.87.3.530},
	langid = {en}
}

@article{judge2017,
	title = {Job attitudes, job satisfaction, and job affect: A century of continuity and of change.},
	author = {Judge, Timothy A. and Weiss, Howard M. and Kammeyer-Mueller, John D. and Hulin, Charles L.},
	year = {2017},
	date = {2017},
	journal = {Journal of Applied Psychology},
	pages = {356--374},
	volume = {102},
	number = {3},
	doi = {10.1037/apl0000181},
	url = {http://dx.doi.org/10.1037/apl0000181},
	langid = {en}
}

@article{judge2000,
	title = {Personality and job satisfaction: The mediating role of job characteristics.},
	author = {Judge, Timothy A. and Bono, Joyce E. and Locke, Edwin A.},
	year = {2000},
	date = {2000},
	journal = {Journal of Applied Psychology},
	pages = {237--249},
	volume = {85},
	number = {2},
	doi = {10.1037/0021-9010.85.2.237},
	url = {http://dx.doi.org/10.1037/0021-9010.85.2.237},
	langid = {en}
}

@article{judge2008,
	title = {The Dispositional Sources of Job Satisfaction: A Comparative Test},
	author = {Judge, Timothy A. and Heller, Daniel and Klinger, Ryan},
	year = {2008},
	month = {02},
	date = {2008-02},
	journal = {Applied Psychology},
	pages = {361--372},
	volume = {57},
	number = {3},
	doi = {10.1111/j.1464-0597.2007.00318.x},
	url = {http://dx.doi.org/10.1111/j.1464-0597.2007.00318.x},
	langid = {en}
}



@techreport{gerlitz2005bfi,
  author       = {J{\"u}rgen Y. Gerlitz and J{\"u}rgen Schupp},
  title        = {Zur Erhebung der Big-Five-basierten Pers{\"o}nlichkeitsmerkmale im SOEP: Dokumentation der Instrumentenentwicklung BFI-S auf Basis des SOEP-Pretests 2005},
  institution  = {Deutsches Institut für Wirtschaftsforschung (DIW)},
  type         = {DIW Research Notes},
  number       = {4},
  year         = {2005}
}

@article{kalleberg1977,
	title = {Work Values and Job Rewards: A Theory of Job Satisfaction},
	author = {Kalleberg, Arne L.},
	year = {1977},
	month = {02},
	date = {1977-02},
	journal = {American Sociological Review},
	pages = {124},
	volume = {42},
	number = {1},
	doi = {10.2307/2117735},
	url = {http://dx.doi.org/10.2307/2117735}
}

@article{kalleberg1983,
	title = {Aging, Values, and Rewards: Explaining Age Differences in Job Satisfaction},
	author = {Kalleberg, Arne L. and Loscocco, Karyn A.},
	year = {1983},
	month = {02},
	date = {1983-02},
	journal = {American Sociological Review},
	pages = {78},
	volume = {48},
	number = {1},
	doi = {10.2307/2095146},
	url = {http://dx.doi.org/10.2307/2095146}
}

@article{kalleberg1993,
	title = {Contracts and Commitment: Economic and Sociological Perspectives on Employment Relations},
	author = {Kalleberg, Arne L. and Reve, Torger},
	year = {1993},
	month = {09},
	date = {1993-09},
	journal = {Human Relations},
	pages = {1103--1132},
	volume = {46},
	number = {9},
	doi = {10.1177/001872679304600906},
	url = {http://dx.doi.org/10.1177/001872679304600906},
	langid = {en}
}



@article{kassenboehmer2018,
	title = {University education and non-cognitive skill development},
	author = {Kassenboehmer, Sonja C and Leung, Felix and Schurer, Stefanie},
	year = {2018},
	month = {03},
	date = {2018-03-12},
	journal = {Oxford Economic Papers},
	pages = {538--562},
	volume = {70},
	number = {2},
	doi = {10.1093/oep/gpy002},
	url = {http://dx.doi.org/10.1093/oep/gpy002},
	langid = {en}
}



@article{keil2023,
	title = {A Review and Synthesis of Multi-level Models for Causal Inference with Individual Level Exposures},
	author = {Keil, Alexander P. and Zadrozny, Sabrina and Edwards, Jessie K.},
	year = {2023},
	month = {08},
	date = {2023-08-10},
	journal = {Current Epidemiology Reports},
	pages = {54--62},
	volume = {11},
	number = {1},
	doi = {10.1007/s40471-023-00328-w},
	url = {http://dx.doi.org/10.1007/s40471-023-00328-w},
	langid = {en}
}

@article{kelly2015,
	title = {Impact of the Great Recession on unemployed and NEET individuals{\textquoteright} labour market transitions in Ireland},
	author = {Kelly, Elish and McGuinness, Seamus},
	year = {2015},
	month = {03},
	date = {2015-03},
	journal = {Economic Systems},
	pages = {59--71},
	volume = {39},
	number = {1},
	doi = {10.1016/j.ecosys.2014.06.004},
	url = {http://dx.doi.org/10.1016/j.ecosys.2014.06.004},
	langid = {en}
}

@article{kim2021,
	title = {Does Grit Matter to Employees{\textquoteright} Quality of Work Life and Quality of Life? The Case of the Korean Public Sector},
	author = {Kim, Min Young and Lee, Hyo Joo},
	year = {2021},
	month = {05},
	date = {2021-05-12},
	journal = {Public Personnel Management},
	pages = {97--124},
	volume = {51},
	number = {1},
	doi = {10.1177/00910260211012713},
	url = {http://dx.doi.org/10.1177/00910260211012713},
	langid = {en}
}



@article{klug2017,
	title = {Young and at risk? Consequences of job insecurity for mental health and satisfaction among labor market entrants with different levels of education},
	author = {Klug, Katharina},
	year = {2017},
	month = {10},
	date = {2017-10-06},
	journal = {Economic and Industrial Democracy},
	pages = {562--585},
	volume = {41},
	number = {3},
	doi = {10.1177/0143831x17731609},
	url = {http://dx.doi.org/10.1177/0143831X17731609},
	langid = {en}
}

@article{koch2015,
	title = {Behavioral economics of education},
	author = {Koch, Alexander and Nafziger, Julia and Nielsen, Helena Skyt},
	year = {2015},
	month = {07},
	date = {2015-07},
	journal = {Journal of Economic Behavior & Organization},
	pages = {3--17},
	volume = {115},
	doi = {10.1016/j.jebo.2014.09.005},
	url = {http://dx.doi.org/10.1016/j.jebo.2014.09.005},
	langid = {en}
}

@article{koenker1978,
	title = {Regression Quantiles},
	author = {Koenker, Roger and Bassett, Gilbert},
	year = {1978},
	month = {01},
	date = {1978-01},
	journal = {Econometrica},
	pages = {33},
	volume = {46},
	number = {1},
	doi = {10.2307/1913643},
	url = {http://dx.doi.org/10.2307/1913643}
}

@article{koenker2001,
	title = {Quantile Regression},
	author = {Koenker, Roger and Hallock, Kevin F},
	year = {2001},
	month = {11},
	date = {2001-11-01},
	journal = {Journal of Economic Perspectives},
	pages = {143--156},
	volume = {15},
	number = {4},
	doi = {10.1257/jep.15.4.143},
	url = {http://dx.doi.org/10.1257/jep.15.4.143},
	langid = {en}
}

@article{koenker2005,
	title = {Quantile Regression},
	author = {Koenker, Roger},
	year = {2005},
	date = {2005},
	doi = {10.1017/cbo9780511754098},
	url = {http://dx.doi.org/10.1017/CBO9780511754098}
}

@article{quantreg,
	title = {quantreg: Quantile Regression},
	author = {Koenker, Roger},
	year = {2024},
	date = {2024},
	url = {https://CRAN.R-project.org/package=quantreg}
}



@article{kohan2002,
	title = {Police Officer Job Satisfaction in Relation to Mood, Well-Being, and Alcohol Consumption},
	author = {Kohan, Andrea and {O'connor}, Brian P.},
	year = {2002},
	month = {05},
	date = {2002-05},
	journal = {The Journal of Psychology},
	pages = {307--318},
	volume = {136},
	number = {3},
	doi = {10.1080/00223980209604158},
	url = {http://dx.doi.org/10.1080/00223980209604158},
	langid = {en}
}

@article{lmerTest,
	title = {{\textbraceleft}lmerTest{\textbraceright} Package: Tests in Linear Mixed Effects Models},
	author = {Kuznetsova, Alexandra and Brockhoff, Per B. and Christensen, Rune H. B.},
	journal = {Journal of Statistical Software},
	year = {2017},
	date = {2017},
	volume = {82},
	doi = {10.18637/jss.v082.i13}
}



@article{laker2011,
	title = {The differences between hard and soft skills and their relative impact on training transfer},
	author = {Laker, Dennis R. and Powell, Jimmy L.},
	year = {2011},
	month = {03},
	date = {2011-03},
	journal = {Human Resource Development Quarterly},
	pages = {111--122},
	volume = {22},
	number = {1},
	doi = {10.1002/hrdq.20063},
	url = {http://dx.doi.org/10.1002/hrdq.20063},
	langid = {en}
}

@article{lang2011,
	title = {Short assessment of the Big Five: robust across survey methods except telephone interviewing},
	author = {Lang, Frieder R. and John, Dennis and {Lüdtke}, Oliver and Schupp, {Jürgen} and Wagner, Gert G.},
	year = {2011},
	month = {03},
	date = {2011-03-18},
	journal = {Behavior Research Methods},
	pages = {548--567},
	volume = {43},
	number = {2},
	doi = {10.3758/s13428-011-0066-z},
	url = {http://dx.doi.org/10.3758/s13428-011-0066-z},
	langid = {en}
}

@article{lee2022,
	title = {The Role of Grit in Organizational Performance During a Pandemic},
	author = {Lee, Joonghak},
	year = {2022},
	month = {07},
	date = {2022-07-07},
	journal = {Frontiers in Psychology},
	volume = {13},
	doi = {10.3389/fpsyg.2022.929517},
	url = {http://dx.doi.org/10.3389/fpsyg.2022.929517}
}



@article{lee2017,
	title = {Relationships among grit, academic performance, perceived academic failure, and stress in associate degree students},
	author = {Lee, Wincy Wing Sze},
	year = {2017},
	month = {09},
	date = {2017-09-05},
	journal = {Journal of Adolescence},
	pages = {148--152},
	volume = {60},
	number = {1},
	doi = {10.1016/j.adolescence.2017.08.006},
	url = {http://dx.doi.org/10.1016/j.adolescence.2017.08.006},
	langid = {en}
}



@article{lee2008,
	title = {Understanding Voluntary Turnover: Path-Specific Job Satisfaction Effects and The Importance of Unsolicited Job Offers},
	author = {Lee, Tae Heon and Gerhart, Barry and Weller, Ingo and Trevor, Charlie O.},
	year = {2008},
	month = {08},
	date = {2008-08},
	journal = {Academy of Management Journal},
	pages = {651--671},
	volume = {51},
	number = {4},
	doi = {10.5465/amr.2008.33665124},
	url = {http://dx.doi.org/10.5465/amr.2008.33665124},
	langid = {en}
}



@article{lehtonen2021,
	title = {Thriving or surviving at work: how workplace learning opportunities and subjective career success are connected with job satisfaction and turnover intention?},
	author = {Lehtonen, Eija Elina and Nokelainen, Petri and Rintala, Heta and Puhakka, Ilmari},
	year = {2021},
	month = {08},
	date = {2021-08-03},
	journal = {Journal of Workplace Learning},
	pages = {88--109},
	volume = {34},
	number = {1},
	doi = {10.1108/jwl-12-2020-0184},
	url = {http://dx.doi.org/10.1108/JWL-12-2020-0184},
	langid = {en}
}

@article{lemoine2016,
	title = {When women emerge as leaders: Effects of extraversion and gender composition in groups},
	author = {Lemoine, G. James and Aggarwal, Ishani and Steed, Laurens Bujold},
	year = {2016},
	month = {06},
	date = {2016-06},
	journal = {The Leadership Quarterly},
	pages = {470--486},
	volume = {27},
	number = {3},
	doi = {10.1016/j.leaqua.2015.12.008},
	url = {http://dx.doi.org/10.1016/j.leaqua.2015.12.008},
	langid = {en}
}



@article{lent1999,
	title = {A Social Cognitive View of School{-}to{-}Work Transition},
	author = {Lent, Robert W. and Hackett, Gail and Brown, Steven D.},
	year = {1999},
	month = {06},
	date = {1999-06},
	journal = {The Career Development Quarterly},
	pages = {297--311},
	volume = {47},
	number = {4},
	doi = {10.1002/j.2161-0045.1999.tb00739.x},
	url = {http://dx.doi.org/10.1002/j.2161-0045.1999.tb00739.x},
	langid = {en}
}

@book{festinger1957,
  author    = {Leon Festinger},
  title     = {A Theory of Cognitive Dissonance},
  year      = {1957},
  publisher = {Row, Peterson},
  address   = {Evanston, IL}
}

@article{lerman2013,
	title = {Are employability skills learned in U.S. youth education and training programs?},
	author = {Lerman, Robert I},
	year = {2013},
	month = {05},
	date = {2013-05-15},
	journal = {IZA Journal of Labor Policy},
	volume = {2},
	number = {1},
	doi = {10.1186/2193-9004-2-6},
	url = {http://dx.doi.org/10.1186/2193-9004-2-6},
	langid = {en}
}

@article{li2021,
	title = {The Effect of Grit on Career Adaptability of Chinese College Students Based on the Self-Regulatory Processes},
	author = {Li, Haihong and Yu, Xuan and Mei, Yuanfei and Liu, Xuhong and Li, Ling and Luo, Nan},
	year = {2021},
	month = {12},
	date = {2021-12-08},
	journal = {Frontiers in Psychology},
	volume = {12},
	doi = {10.3389/fpsyg.2021.795153},
	url = {http://dx.doi.org/10.3389/fpsyg.2021.795153}
}




@article{lindqvist2011,
	title = {The Labor Market Returns to Cognitive and Noncognitive Ability: Evidence from the Swedish Enlistment},
	author = {Lindqvist, Erik and Vestman, Roine},
	year = {2011},
	month = {01},
	date = {2011-01-01},
	journal = {American Economic Journal: Applied Economics},
	pages = {101--128},
	volume = {3},
	number = {1},
	doi = {10.1257/app.3.1.101},
	url = {http://dx.doi.org/10.1257/app.3.1.101},
	langid = {en}
}

@article{locke1970,
	title = {Job satisfaction and job performance: A theoretical analysis},
	author = {Locke, Edwin A.},
	year = {1970},
	month = {09},
	date = {1970-09},
	journal = {Organizational Behavior and Human Performance},
	pages = {484--500},
	volume = {5},
	number = {5},
	doi = {10.1016/0030-5073(70)90036-x},
	url = {http://dx.doi.org/10.1016/0030-5073(70)90036-X},
	langid = {en}
}

@article{lucas2009,
	title = {Age differences in personality: Evidence from a nationally representative Australian sample.},
	author = {Lucas, Richard E. and Donnellan, M. Brent},
	year = {2009},
	date = {2009},
	journal = {Developmental Psychology},
	pages = {1353--1363},
	volume = {45},
	number = {5},
	doi = {10.1037/a0013914},
	url = {http://dx.doi.org/10.1037/a0013914},
	langid = {en}
}

@article{lucas2015,
	title = {Human Capital and Growth},
	author = {Lucas, Robert E.},
	year = {2015},
	month = {05},
	date = {2015-05-01},
	journal = {American Economic Review},
	pages = {85--88},
	volume = {105},
	number = {5},
	doi = {10.1257/aer.p20151065},
	url = {http://dx.doi.org/10.1257/aer.p20151065},
	langid = {en}
}

@article{luijkx2009,
	title = {The Effects of Non-Employment in Early Work-Life on Subsequent Employment Chances of Individuals in The Netherlands},
	author = {Luijkx, R. and Wolbers, M. H. J.},
	year = {2009},
	month = {02},
	date = {2009-02-03},
	journal = {European Sociological Review},
	pages = {647--660},
	volume = {25},
	number = {6},
	doi = {10.1093/esr/jcp002},
	url = {http://dx.doi.org/10.1093/esr/jcp002},
	langid = {en}
}

@inbook{non-cogn2018,
	title = {Non-Cognitive Skills as Human Capital},
	booktitle = {Education, Skills, and Technical Change. Implications for Future US GDP Growth},
	author = {Lundberg, Shelly},
	editor = {Hulten, Charles and Ramey, Valerie},
	year = {2018},
	publisher = {University of Chicago Press},
	pages = {219--250},
	doi = {10.7208/chicago/9780226567945.003.0006},
	url = {http://dx.doi.org/10.7208/chicago/9780226567945.003.0006},
	langid = {en}
}

@article{maksimova2019,
  title={The Return to Non-Cognitive Skills on the Russian Labor Market},
  author={Maksimova, Mariia},
  journal={Applied Econometrics},
  year={2019},
  volume={53},
  pages={55-72}
}





@article{mangione1975,
	title = {Job satisfaction, counterproductive behavior, and drug use at work.},
	author = {Mangione, Thomas W. and Quinn, Robert P.},
	year = {1975},
	date = {1975},
	journal = {Journal of Applied Psychology},
	pages = {114--116},
	volume = {60},
	number = {1},
	doi = {10.1037/h0076355},
	url = {http://dx.doi.org/10.1037/h0076355},
	langid = {en}
}

@article{masdonati2021,
	title = {Moving Toward Decent Work: Application of the Psychology of Working Theory to the School-to-Work Transition},
	author = {Masdonati, Jonas and Massoudi, Koorosh and Blustein, David L. and Duffy, Ryan D.},
	year = {2021},
	month = {02},
	date = {2021-02-11},
	journal = {Journal of Career Development},
	pages = {41--59},
	volume = {49},
	number = {1},
	doi = {10.1177/0894845321991681},
	url = {http://dx.doi.org/10.1177/0894845321991681},
	langid = {en}
}

@techreport{ilo2010,
  title={Characterizing the school-to-work transitions of young men and women: Evidence from the ILO School-to-work transition surveys },
  author={ Matsumoto, Makiko and Elder, Sara},
  institution={International Labour Organization},
  type={Employment Working Paper No. 51},
  year={2010},
  url={https://www.ilo.org/publications/characterizing-school-work-transitions-young-men-and-women-evidence-ilo}
}

@article{maynou2022,
  author       = {Maynou, Laia and Ordóñez, Javier and Silva, José Ignacio},
  title        = {Convergence and determinants of young people not in employment, education or training: An European regional analysis},
  journal      = {Economic Modelling},
  year         = {2022},
  volume       = {110},
  pages        = {105808},
  doi          = {https://doi.org/10.1016/j.econmod.2022.105808}
}


@article{mccrae1987,
	title = {Validation of the five-factor model of personality across instruments and observers.},
	author = {McCrae, Robert R. and Costa, Paul T.},
	year = {1987},
	date = {1987},
	journal = {Journal of Personality and Social Psychology},
	pages = {81--90},
	volume = {52},
	number = {1},
	doi = {10.1037/0022-3514.52.1.81},
	url = {http://dx.doi.org/10.1037/0022-3514.52.1.81},
	langid = {en}
}



@article{mckay2018,
	title = {Job Satisfaction Among Young Workers in Eastern and Southern Africa: A Comparative Analysis},
	author = {McKay, Andrew D. and Newell, Andrew T. and Rienzo, Cinzia},
	year = {2018},
	date = {2018},
	journal = {SSRN Electronic Journal},
	doi = {10.2139/ssrn.3153344},
	url = {http://dx.doi.org/10.2139/ssrn.3153344},
	langid = {en}
}

@article{returns2021,
	title = {Returns to Education in the Russian Federation: Some New Estimates},
	author = {Melianova, E. and Parandekar, S. and Patrinos, H.A. and Volgin, A. },
	year = {2021},
	date = {2021},
	journal = {Higher School of Economics Economic Journal},
	pages = {403--422},
	volume = {25},
	number = {3},
	doi = {10.17323/1813-8691-2021-25-3-403-422},
	url = {http://dx.doi.org/10.17323/1813-8691-2021-25-3-403-422}
}

@article{messick1979,
	title = {Potential uses of noncognitive measurement in education.},
	author = {Messick, Samuel},
	year = {1979},
	month = {06},
	date = {1979-06},
	journal = {Journal of Educational Psychology},
	pages = {281--292},
	volume = {71},
	number = {3},
	doi = {10.1037/0022-0663.71.3.281},
	url = {http://dx.doi.org/10.1037/0022-0663.71.3.281},
	langid = {en}
}

@article{michalos1980,
  title={Satisfaction and happiness},
  author={Michalos, Alex C},
  journal={Social indicators research},
  volume={8},
  pages={385--422},
  year={1980},
  publisher={Springer}
}




@article{milner2016,
	title = {Psychosocial job quality and mental health among young workers: a fixed-effects regression analysis
                    using 13 waves of annual data},
	author = {Milner, Allison and Krnjack, Lauren and LaMontagne, Anthony D},
	year = {2016},
	month = {12},
	date = {2016-12-05},
	journal = {Scandinavian Journal of Work, Environment & Health},
	pages = {50--58},
	volume = {43},
	number = {1},
	doi = {10.5271/sjweh.3608},
	url = {http://dx.doi.org/10.5271/sjweh.3608},
	langid = {en}
}

@article{mueller2006,
	title = {Estimating the Effect of Personality on Male and Female Earnings},
	author = {Mueller, Gerrit and Plug, Erik},
	year = {2006},
	month = {10},
	date = {2006-10},
	journal = {ILR Review},
	pages = {3--22},
	volume = {60},
	number = {1},
	doi = {10.1177/001979390606000101},
	url = {http://dx.doi.org/10.1177/001979390606000101},
	langid = {en}
}

@article{murnane2001,
	title = {Do different dimensions of male high school students' skills predict labor market success a decade later? Evidence from the NLSY},
	author = {Murnane, Richard J and Willett, John B and Braatz, M.Jay and Duhaldeborde, Yves},
	year = {2001},
	month = {08},
	date = {2001-08},
	journal = {Economics of Education Review},
	pages = {311--320},
	volume = {20},
	number = {4},
	doi = {10.1016/s0272-7757(00)00056-x},
	url = {http://dx.doi.org/10.1016/s0272-7757(00)00056-x},
	langid = {en}
}

@techreport{medgyesi2016job,
  author       = {Márton Medgyesi and Eszter Zólyomi},
  title        = {Job Satisfaction and Satisfaction in Financial Situation and Their Impact on Life Satisfaction},
  institution  = {European Commission},
  year         = {2016},
  month        = {November},
  number       = {Research Note no. 6/2016},
  url          = {https://ec.europa.eu/social/BlobServlet?docId=17504}
}



@article{nandi2014,
	title = {Explaining personality pay gaps in the UK},
	author = {Nandi, Alita and Nicoletti, Cheti},
	year = {2014},
	month = {06},
	date = {2014-06-02},
	journal = {Applied Economics},
	pages = {3131--3150},
	volume = {46},
	number = {26},
	doi = {10.1080/00036846.2014.922670},
	url = {http://dx.doi.org/10.1080/00036846.2014.922670},
	langid = {en}
}

@article{neal1996,
	title = {The Role of Premarket Factors in Black-White Wage Differences},
	author = {Neal, Derek A. and Johnson, William R.},
	year = {1996},
	month = {10},
	date = {1996-10},
	journal = {Journal of Political Economy},
	pages = {869--895},
	volume = {104},
	number = {5},
	doi = {10.1086/262045},
	url = {http://dx.doi.org/10.1086/262045},
	langid = {en}
}

@article{ng-knight2017,
	title = {Can Locus of Control Compensate for Socioeconomic Adversity in the Transition from School to Work?},
	author = {Ng-Knight, Terry and Schoon, Ingrid},
	year = {2017},
	month = {07},
	date = {2017-07-28},
	journal = {Journal of Youth and Adolescence},
	pages = {2114--2128},
	volume = {46},
	number = {10},
	doi = {10.1007/s10964-017-0720-6},
	url = {http://dx.doi.org/10.1007/s10964-017-0720-6},
	langid = {en}
}



@article{nordman2015,
	title = {Cognitive, Non-Cognitive Skills and Gender Wage Gaps: Evidence from Linked Employer-Employee Data in Bangladesh},
	author = {Nordman, Christophe Jalil and Sarr, Leopold R. and Sharma, Smriti},
	year = {2015},
	date = {2015},
	journal = {SSRN Electronic Journal},
	doi = {10.2139/ssrn.2655081},
	url = {http://dx.doi.org/10.2139/ssrn.2655081},
	langid = {en}
}

@article{okpara2004,
	title = {Personal characteristics as predictors of job satisfaction},
	author = {Okpara, John O.},
	year = {2004},
	month = {09},
	date = {2004-09-01},
	journal = {Information Technology & People},
	pages = {327--338},
	volume = {17},
	number = {3},
	doi = {10.1108/09593840410554247},
	url = {http://dx.doi.org/10.1108/09593840410554247},
	langid = {en}
}

@article{onsomu2025,
	title = {From Classroom to Workplace: The Combined Effects of Cognitive and Non-Cognitive Skills on Youth Labor Market Outcomes in Kenya},
	author = {Onsomu, Carol Bisieri and Macharia, John Njenga and Mwangi, Stephie Muthoni},
	year = {2025},
	month = {03},
	date = {2025-03-28},
	journal = {Economies},
	pages = {92},
	volume = {13},
	number = {4},
	doi = {10.3390/economies13040092},
	url = {http://dx.doi.org/10.3390/economies13040092},
	langid = {en}
}

@article{jobsati2013,
	title = {Job Satisfaction},
	author = {P.K. Mishra},
	year = {2013},
	date = {2013},
	journal = {IOSR Journal Of Humanities And Social Science},
	pages = {45--54},
	volume = {14},
	number = {5},
	doi = {10.9790/1959-1454554},
	url = {http://dx.doi.org/10.9790/1959-1454554}
}




@book{pinheiro2000,
	title = {Mixed-Effects Models in S and S-PLUS},
	author = {Pinheiro, {José C.} and Bates, Douglas M.},
	year = {2000},
	date = {2000},
	publisher = {Springer New York},
	doi = {10.1007/978-1-4419-0318-1},
	url = {http://dx.doi.org/10.1007/978-1-4419-0318-1}
}

@article{ripamonti2023,
	title = {School-to-work transition: putting non-cognitive skills in context. The case of NEET and suggestions for policy},
	author = {Ripamonti, Enrico},
	year = {2023},
	month = {12},
	date = {2023-12-02},
	journal = {International Journal for Educational and Vocational Guidance},
	doi = {10.1007/s10775-023-09635-6},
	url = {http://dx.doi.org/10.1007/s10775-023-09635-6},
	langid = {en}
}

@book{hoppock1935,
  author    = {Robert Hoppock},
  title     = {Job Satisfaction},
  publisher = {Harper},
  address   = {New York},
  year      = {1935},
  note      = {Publication of the National Occupational Conference},
  pages     = {303}
}

@article{roberts2007,
	title = {The Power of Personality: The Comparative Validity of Personality Traits, Socioeconomic Status, and Cognitive Ability for Predicting Important Life Outcomes},
	author = {Roberts, Brent W. and Kuncel, Nathan R. and Shiner, Rebecca and Caspi, Avshalom and Goldberg, Lewis R.},
	year = {2007},
	month = {12},
	date = {2007-12},
	journal = {Perspectives on Psychological Science},
	pages = {313--345},
	volume = {2},
	number = {4},
	doi = {10.1111/j.1745-6916.2007.00047.x},
	url = {http://dx.doi.org/10.1111/j.1745-6916.2007.00047.x},
	langid = {en}
}

@article{robins2000,
	title = {Marginal Structural Models and Causal Inference in Epidemiology},
	author = {Robins, James M. and {Hernán}, {Miguel Ángel} and Brumback, Babette},
	year = {2000},
	month = {09},
	date = {2000-09},
	journal = {Epidemiology},
	pages = {550--560},
	volume = {11},
	number = {5},
	doi = {10.1097/00001648-200009000-00011},
	url = {http://dx.doi.org/10.1097/00001648-200009000-00011},
	langid = {en}
}

@techreport{rodrigues2021,
  author       = {Rodrigues, Margarida and Fernández-Macías, Enrique and Sostero, Matteo},
  title        = {A Unified Conceptual Framework of Tasks, Skills and Competences},
  institution  = {European Commission},
  type         = {JRC Working Papers on Labour, Education and Technology},
  number       = {2021/02},
  year         = {2021},
  url          = {https://publications.jrc.ec.europa.eu/repository/handle/JRC121897}
}

@book{rosenberg1965,
	title = {Society and the Adolescent Self-Image},
	author = {Rosenberg, Morris},
	year = {1965},
	month = {12},
	date = {1965-12-31},
	publisher = {Princeton University Press},
	doi = {10.1515/9781400876136},
	url = {http://dx.doi.org/10.1515/9781400876136}
}

@article{roshchina2022,
	title = {Determinants of COVID-19 vaccine hesitancy and resistance in Russia},
	author = {Roshchina, Yana and Roshchin, Sergey and Rozhkova, Ksenia},
	year = {2022},
	month = {09},
	date = {2022-09},
	journal = {Vaccine},
	pages = {5739--5747},
	volume = {40},
	number = {39},
	doi = {10.1016/j.vaccine.2022.08.042},
	url = {http://dx.doi.org/10.1016/j.vaccine.2022.08.042},
	langid = {en}
}

@article{roshchina2022a,
	title = {Determinants of COVID-19 vaccine hesitancy and resistance in Russia},
	author = {Roshchina, Yana and Roshchin, Sergey and Rozhkova, Ksenia},
	year = {2022},
	month = {09},
	date = {2022-09},
	journal = {Vaccine},
	pages = {5739--5747},
	volume = {40},
	number = {39},
	doi = {10.1016/j.vaccine.2022.08.042},
	url = {http://dx.doi.org/10.1016/j.vaccine.2022.08.042},
	langid = {en}
}



@article{rotter1966,
	title = {Generalized expectancies for internal versus external control of reinforcement.},
	author = {Rotter, Julian B.},
	year = {1966},
	date = {1966},
	journal = {Psychological Monographs: General and Applied},
	pages = {1--28},
	volume = {80},
	number = {1},
	doi = {10.1037/h0092976},
	url = {http://dx.doi.org/10.1037/h0092976},
	langid = {en}
}

@article{rotter1990,
	title = {Internal versus external control of reinforcement: A case history of a variable.},
	author = {Rotter, Julian B.},
	year = {1990},
	month = {04},
	date = {1990-04},
	journal = {American Psychologist},
	pages = {489--493},
	volume = {45},
	number = {4},
	doi = {10.1037/0003-066x.45.4.489},
	url = {http://dx.doi.org/10.1037/0003-066X.45.4.489},
	langid = {en}
}

@article{rozhkova2024,
	title = {The dynamics of the early career gender wage gap among university graduates: The case of Russia},
	author = {Rozhkova, Ksenia and Roshchin, Sergey and Yemelina, Natalya},
	year = {2024},
	month = {08},
	date = {2024-08-05},
	journal = {European Journal of Education},
	doi = {10.1111/ejed.12730},
	url = {http://dx.doi.org/10.1111/ejed.12730},
	langid = {en}
}



@article{rozhkova2024,
	title = {Does personality predict health? Non-cognitive skills, health behaviours, and longevity in {R}ussia},
	author = {Rozhkova, Ksenia },
	year = {2024},
	month = {05},
	date = {2024-05-02},
	journal = {Population and Economics},
	pages = {132--155},
	volume = {8},
	number = {1},
	doi = {10.3897/popecon.8.e108813},
	url = {http://dx.doi.org/10.3897/popecon.8.e108813}
}

@article{rozhkova2023,
	title = {Do non-cognitive skills matter for alcohol consumption? Evidence from {R}ussia},
	author = {Rozhkova, Ksenia and Roshchin, Sergey and Roshchina, Yana},
	year = {2023},
	month = {06},
	date = {2023-06},
	journal = {Journal of Comparative Economics},
	pages = {564--576},
	volume = {51},
	number = {2},
	doi = {10.1016/j.jce.2022.11.005},
	url = {http://dx.doi.org/10.1016/j.jce.2022.11.005},
	langid = {en}
}


@article{rozhkova2021b,
	title = {Can Non-Cognitive Skills Explain The Gender Wage Gap In Russia? An Unconditional Quantile Regression Approach},
	author = {Rozhkova, Ksenia and Yemelina, Natalya and Roshchin, Sergey},
	year = {2021},
	date = {2021},
	journal = {SSRN Electronic Journal},
	doi = {10.2139/ssrn.3938065},
	url = {http://dx.doi.org/10.2139/ssrn.3938065},
	langid = {en}
}



@article{sanginabadi2020,
	title = {Does Schooling Causally Impact Non-Cognitive Skills? Evidence from Elimination of Social Security Student Benefits},
	author = {Sanginabadi, Bahram},
	year = {2020},
	month = {01},
	date = {2020-01-14},
	journal = {Economies},
	pages = {5},
	volume = {8},
	number = {1},
	doi = {10.3390/economies8010005},
	url = {http://dx.doi.org/10.3390/economies8010005},
	langid = {en}
}

@incollection{saucier2002,
  author    = {Saucier, Gerard and Goldberg, Lewis R.},
  title     = {Assessing the Big Five: Applications of 10 Psychometric Criteria to the Development of Marker Scales},
  booktitle = {Big Five Assessment},
  editor    = {de Raad, Boele and Perugini, Marco},
  pages     = {30--54},
  publisher = {Hogrefe \& Huber Publishers},
  year      = {2002}
}

@article{seibert2001,
	title = {The Five-Factor Model of Personality and Career Success},
	author = {Seibert, Scott E. and Kraimer, Maria L.},
	year = {2001},
	month = {02},
	date = {2001-02},
	journal = {Journal of Vocational Behavior},
	pages = {1--21},
	volume = {58},
	number = {1},
	doi = {10.1006/jvbe.2000.1757},
	url = {http://dx.doi.org/10.1006/jvbe.2000.1757},
	langid = {en}
}

@article{theeffe2011,
	title = {THE EFFECTS OF YOUTHS{\textquoteright} LIFE SATISFACTION AND JOB PERFORMANCE ON THEIR TURNOVER INTENTION},
	author = {Shuang, Loh Sou},
	year = {2011},
	month = {12},
	date = {2011-12-30},
	journal = {Asia Pacific Journal of Youth Studies},
	pages = {1--11},
	volume = {5},
	number = {1},
	doi = {10.56390/apjys2024.5.2},
	url = {http://dx.doi.org/10.56390/apjys2024.5.2}
}



@article{sjolander2011,
	title = {Comparing Different Strategies for Timing of Dialysis Initiation Through Inverse Probability Weighting},
	author = {Sjolander, A. and Nyren, O. and Bellocco, R. and Evans, M.},
	year = {2011},
	month = {10},
	date = {2011-10-07},
	journal = {American Journal of Epidemiology},
	pages = {1204--1210},
	volume = {174},
	number = {10},
	doi = {10.1093/aje/kwr249},
	url = {http://dx.doi.org/10.1093/aje/kwr249},
	langid = {en}
}

@techreport{cabus2021,
  author       = {Sofie Cabus and Joanna Napierala and Stephanie Carretero},
  title        = {The Returns to Non-Cognitive Skills: A Meta-Analysis},
  institution  = {Joint Research Centre},
  type         = {JRC Working Papers on Labour, Education and Technology},
  number       = {2021-06},
  year         = {2021},
  url          = {https://publications.jrc.ec.europa.eu/repository/handle/JRC124128},
}

@article{southwick2019,
	title = {Grit at work},
	author = {Southwick, Daniel A. and Tsay, Chia-Jung and Duckworth, Angela L.},
	year = {2019},
	date = {2019},
	journal = {Research in Organizational Behavior},
	pages = {100126},
	volume = {39},
	doi = {10.1016/j.riob.2020.100126},
	url = {http://dx.doi.org/10.1016/j.riob.2020.100126},
	langid = {en}
}


@article{steenackers2016,
	title = {Determinants of job-hopping: an empirical study in Belgium},
	author = {Steenackers, Kelly and Guerry, Marie-Anne},
	year = {2016},
	month = {06},
	date = {2016-06-06},
	journal = {International Journal of Manpower},
	pages = {494--510},
	volume = {37},
	number = {3},
	doi = {10.1108/ijm-09-2014-0184},
	url = {http://dx.doi.org/10.1108/IJM-09-2014-0184},
	langid = {en}
}



@article{strayhorn2013,
	title = {What Role Does Grit Play in the Academic Success of Black Male Collegians at Predominantly White Institutions?},
	author = {Strayhorn, Terrell L.},
	year = {2013},
	month = {01},
	date = {2013-01-16},
	journal = {Journal of African American Studies},
	pages = {1--10},
	volume = {18},
	number = {1},
	doi = {10.1007/s12111-012-9243-0},
	url = {http://dx.doi.org/10.1007/s12111-012-9243-0},
	langid = {en}
}

@article{sutin2009,
	title = {Personality and career success: Concurrent and longitudinal relations},
	author = {Sutin, Angelina R. and Costa, Paul T. and Miech, Richard and Eaton, William W.},
	year = {2009},
	month = {03},
	date = {2009-03},
	journal = {European Journal of Personality},
	pages = {71--84},
	volume = {23},
	number = {2},
	doi = {10.1002/per.704},
	url = {http://dx.doi.org/10.1002/per.704},
	langid = {en}
}

@article{tanveerchoudhry2012,
	title = {Youth unemployment rate and impact of financial crises},
	author = {Tanveer Choudhry, Misbah and Marelli, Enrico and Signorelli, Marcello},
	editor = {Parodi, Giuliana},
	year = {2012},
	month = {03},
	date = {2012-03-23},
	journal = {International Journal of Manpower},
	pages = {76--95},
	volume = {33},
	number = {1},
	doi = {10.1108/01437721211212538},
	url = {http://dx.doi.org/10.1108/01437721211212538},
	langid = {en}
}



@article{taris1992,
	title = {Young Adults in their First Job: The Role of Organizational Factors in Determining Job Satisfaction and Turnover},
	author = {Taris, A. W. and van der Velde, E. G. and Feij, J. A. and van Gastel, J. H.M.},
	year = {1992},
	month = {01},
	date = {1992-01},
	journal = {International Journal of Adolescence and Youth},
	pages = {51--71},
	volume = {4},
	number = {1},
	doi = {10.1080/02673843.1992.9747723},
	url = {http://dx.doi.org/10.1080/02673843.1992.9747723},
	langid = {en}
}

@manual{taylor2009,
  title        = {British Household Panel Survey User Manual: Vol. A. Introduction, Technical Report and Appendices},
  author       = {Taylor, M. F. and Brice, J. and Buck, N. and Prentice-Lane, E.},
  year         = {2009},
  institution  = {University of Essex},
  address      = {Colchester}
}

@article{templer2011,
	title = {Five{-}Factor Model of Personality and Job Satisfaction: The Importance of Agreeableness in a Tight and Collectivistic Asian Society},
	author = {Templer, Klaus J.},
	year = {2011},
	month = {06},
	date = {2011-06-15},
	journal = {Applied Psychology},
	pages = {114--129},
	volume = {61},
	number = {1},
	doi = {10.1111/j.1464-0597.2011.00459.x},
	url = {http://dx.doi.org/10.1111/j.1464-0597.2011.00459.x},
	langid = {en}
}

@incollection{judge2008job,
  author       = {Judge, Timothy A. and Klinger, Ryan},
  title        = {Job Satisfaction: Subjective Well-Being at Work},
  booktitle    = {The Science of Subjective Well-Being},
  editor       = {Michael Eid and Randy J. Larsen},
  pages        = {393--413},
  publisher    = {The Guilford Press},
  year         = {2008}
}



@techreport{tognatta2018,
  author       = {Tognatta, Namrata Raman and Valerio, Alexandria and Sanchez Puerta, Maria Laura},
  title        = {Do cognitive and noncognitive skills explain the gender wage gap in middle-income countries: an analysis using STEP data},
  institution  = {World Bank Group},
  type         = {Policy Research Working Paper},
  number       = {WPS 7878},
  year         = {2018},
  note         = {WDR 2018 background paper},
  address      = {Washington, D.C.},
  url          = {http://documents.worldbank.org/curated/en/479671478193527141/Do-cognitive-and-noncognitive-skills-explain-the-gender-wage-gap-in-middle-income-countries-an-analysis-using-STEP-data},
  language     = {English}
}



@article{tolentino2018,
	title = {The Role of Self-Monitoring and Academic Effort in Students{\textquoteright} Career Adaptability and Job Search Self-Efficacy},
	author = {Tolentino, Laramie R. and Sibunruang, Hataya and Garcia, Patrick Raymund James M.},
	year = {2018},
	month = {12},
	date = {2018-12-19},
	journal = {Journal of Career Assessment},
	pages = {726--740},
	volume = {27},
	number = {4},
	doi = {10.1177/1069072718816715},
	url = {http://dx.doi.org/10.1177/1069072718816715},
	langid = {en}
}

@article{uysal2011,
	title = {Unemployment duration and personality},
	author = {Uysal, Selver Derya and Pohlmeier, Winfried},
	year = {2011},
	month = {12},
	date = {2011-12},
	journal = {Journal of Economic Psychology},
	pages = {980--992},
	volume = {32},
	number = {6},
	doi = {10.1016/j.joep.2011.03.008},
	url = {http://dx.doi.org/10.1016/j.joep.2011.03.008},
	langid = {en}
}

@techreport{stepskills2014,
  title        = {{STEP Skills Measurement Program - Snapshot 2014}},
  author       = {Valerio, Alexandria and Sanchez Puerta, Maria Laura and Pierre, Ga{\"e}lle and Rajadel, Tania and Monroy Taborda, Sebastian},
  year         = {2014},
  institution  = {The World Bank},
  address      = {Washington, DC, USA},
  type         = {Report},
  url          = {http://www.worldbank.org/content/dam/Worldbank/Feature%20Story/Education/STEP%20Snapshot​2014_Revised_June%2020%202014%20(final).pdf}
}

@article{verbruggen2015,
	title = {Does early-career underemployment impact future career success? A path dependency perspective},
	author = {Verbruggen, Marijke and van Emmerik, Hetty and Van Gils, Anita and Meng, Christoph and de Grip, Andries},
	year = {2015},
	month = {10},
	date = {2015-10},
	journal = {Journal of Vocational Behavior},
	pages = {101--110},
	volume = {90},
	doi = {10.1016/j.jvb.2015.08.002},
	url = {http://dx.doi.org/10.1016/j.jvb.2015.08.002},
	langid = {en}
}

@article{verd2019,
	title = {Youth unemployment and employment trajectories in Spain during the Great Recession: what are the determinants?},
	author = {Verd, Joan Miquel and Barranco, Oriol and {Bolíbar}, Mireia},
	year = {2019},
	month = {03},
	date = {2019-03-05},
	journal = {Journal for Labour Market Research},
	volume = {53},
	number = {1},
	doi = {10.1186/s12651-019-0254-3},
	url = {http://dx.doi.org/10.1186/s12651-019-0254-3},
	langid = {en}
}

@inbook{verick2011,
	title = {The Impact of the Global Financial Crisis on Labour Markets in OECD Countries: Why Youth and Other Vulnerable Groups Have Been Hit Hard},
	author = {Verick, S.},
	year = {2011},
	date = {2011},
	publisher = {Palgrave Macmillan UK},
	pages = {119--145},
	doi = {10.1057/9780230295186_5},
	url = {http://dx.doi.org/10.1057/9780230295186_5},
	langid = {en}
}

@article{viswesvaran2000,
	title = {Measurement Error in {\textquotedblleft}Big Five Factors{\textquotedblright} Personality Assessment: Reliability Generalization across Studies and Measures},
	author = {Viswesvaran, Chockalingam and Ones, Deniz S.},
	year = {2000},
	month = {04},
	date = {2000-04},
	journal = {Educational and Psychological Measurement},
	pages = {224--235},
	volume = {60},
	number = {2},
	doi = {10.1177/00131640021970475},
	url = {http://dx.doi.org/10.1177/00131640021970475},
	langid = {en}
}

@inbook{watson1997,
	title = {Extraversion and Its Positive Emotional Core},
	author = {Watson, David and Clark, Lee Anna},
	year = {1997},
	date = {1997},
	publisher = {Elsevier},
	pages = {767--793},
	doi = {10.1016/b978-012134645-4/50030-5},
	url = {http://dx.doi.org/10.1016/B978-012134645-4/50030-5},
	langid = {en}
}

@article{wichert2010,
	title = {Female Labor Force Participation and the Big Five},
	author = {Wichert, Laura and Pohlmeier, Winfried},
	year = {2010},
	date = {2010},
	journal = {SSRN Electronic Journal},
	doi = {10.2139/ssrn.1551258},
	url = {http://dx.doi.org/10.2139/ssrn.1551258},
	langid = {en}
}

@article{ggplot2,
	title = {ggplot2: Elegant Graphics for Data Analysis},
	author = {Wickham, Hadley},
	year = {2016},
	date = {2016},
	url = {https://ggplot2.tidyverse.org}
}

@article{mgcv,
	title = {Fast stable restricted maximum likelihood and marginal 
likelihood estimation of semiparametric generalized linear models},
	author = {Wood, S. N.},
	year = {2011},
	date = {2011},
	pages = {3--36},
	volume = {73}
}

@book{wood2006,
	title = {Generalized Additive Models},
	author = {Wood, Simon N.},
	year = {2006},
	month = {02},
	date = {2006-02-27},
	publisher = {Chapman and Hall/CRC},
	doi = {10.1201/9781420010404},
	url = {http://dx.doi.org/10.1201/9781420010404},
	langid = {en}
}



@book{wood2006,
	title = {Generalized Additive Models},
	author = {Wood, Simon N.},
	year = {2006},
	month = {02},
	date = {2006-02-27},
	publisher = {Chapman and Hall/CRC},
	doi = {10.1201/9781420010404},
	url = {http://dx.doi.org/10.1201/9781420010404},
	langid = {en}
}

@book{wu2009,
	title = {Mixed Effects Models for Complex Data},
	author = {Wu, Lang},
	year = {2009},
	month = {11},
	date = {2009-11-11},
	publisher = {Chapman and Hall/CRC},
	doi = {10.1201/9781420074086},
	url = {http://dx.doi.org/10.1201/9781420074086},
	langid = {en}
}


@article{wyrwa2020,
	title = {Conceptualizing Job Satisfaction and Its Determinants: A Systematic Literature Review},
	author = {Wyrwa, Joanna and {Ka{\'{z}}mierczyk}, Jerzy},
	year = {2020},
	date = {2020},
	journal = {Journal of Economic Sociology},
	pages = {138--167},
	volume = {21},
	number = {5},
	doi = {10.17323/1726-3247-2020-5-138-168},
	url = {http://dx.doi.org/10.17323/1726-3247-2020-5-138-168}
}

@article{yaktin2003,
	title = {Personal Characteristics and Job Satisfaction Among Nurses in Lebanon},
	author = {Yaktin, Umayma S. and Azoury, Nuhad Bou-Raad and Doumit, Myrna A. A.},
	year = {2003},
	month = {07},
	date = {2003-07},
	journal = {JONA: The Journal of Nursing Administration},
	pages = {384--390},
	volume = {33},
	number = {7/8},
	doi = {10.1097/00005110-200307000-00006},
	url = {http://dx.doi.org/10.1097/00005110-200307000-00006},
	langid = {en}
}

@article{yang2014,
	title = {Advantages and pitfalls in the application of mixed-model association methods},
	author = {Yang, Jian and Zaitlen, Noah A and Goddard, Michael E and Visscher, Peter M and Price, Alkes L},
	year = {2014},
	month = {01},
	date = {2014-01-29},
	journal = {Nature Genetics},
	pages = {100--106},
	volume = {46},
	number = {2},
	doi = {10.1038/ng.2876},
	url = {http://dx.doi.org/10.1038/ng.2876},
	langid = {en}
}

@article{yemelina2024,
	title = {The gender gap in starting wages among university graduates in Russia},
	author = {Yemelina, Natalya and Rozhkova, Ksenia and Roshchin, Sergey},
	year = {2024},
	month = {09},
	date = {2024-09-23},
	journal = {Woman in russian society},
	pages = {123--143},
	number = {3},
	doi = {10.21064/winrs.2024.3.8},
	url = {http://dx.doi.org/10.21064/WinRS.2024.3.8}
}

@article{yu2022,
	title = {Different Dimensions of Grit as the Predictor of Job-Search Intensity and Clarity},
	author = {Yu, Xuan and Yuan, Yue and Liu, Xuhong and He, Bin},
	year = {2022},
	month = {06},
	date = {2022-06-27},
	journal = {Frontiers in Psychology},
	volume = {13},
	doi = {10.3389/fpsyg.2022.825509},
	url = {http://dx.doi.org/10.3389/fpsyg.2022.825509}
}

@article{zacher2021,
	title = {Life stage, lifespan, and life course perspectives on vocational behavior and development: A theoretical framework, review, and research agenda},
	author = {Zacher, Hannes and Froidevaux, Ariane},
	year = {2021},
	month = {04},
	date = {2021-04},
	journal = {Journal of Vocational Behavior},
	pages = {103476},
	volume = {126},
	doi = {10.1016/j.jvb.2020.103476},
	url = {http://dx.doi.org/10.1016/j.jvb.2020.103476},
	langid = {en}
}

@article{zhou2017,
	title = {Non{-}cognitive skills: Potential candidates for global measurement},
	author = {Zhou, Kai},
	year = {2017},
	month = {08},
	date = {2017-08-23},
	journal = {European Journal of Education},
	pages = {487--497},
	volume = {52},
	number = {4},
	doi = {10.1111/ejed.12241},
	url = {http://dx.doi.org/10.1111/ejed.12241},
	langid = {en}
}



@article{baranczuk2021,
	title = {The Five-Factor Model of Personality and Generalized Self Efficacy},
	author = {{Bara{\'{n}}czuk}, Urszula},
	year = {2021},
	month = {10},
	date = {2021-10},
	journal = {Journal of Individual Differences},
	pages = {183--193},
	volume = {42},
	number = {4},
	doi = {10.1027/1614-0001/a000345},
	url = {http://dx.doi.org/10.1027/1614-0001/a000345},
	langid = {en}
}

@misc{ilo_stat_isco2008,
  author       = {{International Labour Organization}},
  title        = {International Standard Classification of Occupations (ISCO) — ILOSTAT: Concepts and Definitions},
  howpublished = {\url{https://ilostat.ilo.org/methods/concepts-and-definitions/classification-occupation/}},
  year         = {2008},
  note         = {Accessed: 2025-17-09},
}

@techreport{ilo2020youth,
  title={Youth and COVID-19: Impacts on jobs, education, rights, and mental well-being},
  author={{International Labour Organization (ILO)}},
  institution={ILO},
  type={Technical Report},
  year={2020},
  url={https://www.ilo.org/publications/youth-covid-19-impacts-jobs-education-rights-and-mental-well-being}
}

@techreport{ilo2024,
  title        = {World Employment and Social Outlook: September 2024 Update},
  author       = {{International Labour Organization (ILO)}},
  institution  = {International Labour Organization (ILO)},
  year         = {2024},
  month        = {September},
  address      = {Geneva},
  url          = {https://www.ilo.org/publications/flagship-reports/world-employment-and-social-outlook-september-2024-update},
  note         = {ILO Brief}
}

@techreport{ilo2024youth,
  title        = {Global Employment Trends for Youth 2024: Decent Work, Brighter Futures},
  author       = {{International Labour Organization (ILO)}},
  institution  = {International Labour Organization (ILO)},
  year         = {2024},
  month        = {August},
  day          = {12},
  address      = {Geneva},
  url          = {https://www.ilo.org/publications/major-publications/global-employment-trends-youth-2024},
  note         = {Report}
}

@techreport{ilo2024,
  title        = {World Employment and Social Outlook: September 2024 Update},
  author       = {{International Labour Organization (ILO)}},
  institution  = {International Labour Organization (ILO)},
  year         = {2024},
  month        = {September},
  address      = {Geneva},
  url          = {https://www.ilo.org/publications/flagship-reports/world-employment-and-social-outlook-september-2024-update},
  note         = {ILO Brief}
}

@techreport{ilo2024youth,
  title        = {Global Employment Trends for Youth 2024: Decent Work, Brighter Futures},
  author       = {{International Labour Organization (ILO)}},
  institution  = {International Labour Organization (ILO)},
  year         = {2024},
  month        = {August},
  day          = {12},
  address      = {Geneva},
  url          = {https://www.ilo.org/publications/major-publications/global-employment-trends-youth-2024},
  note         = {Report}
}

@inbook{kröger2024,
	title = {Non-cognitive skills and intergenerational inequality: Reviewing the power of personality},
	author = {{Kröger}, Lea Katharina and Palacios-Abad, Alberto and Radl, Jonas},
	year = {2024},
	month = {05},
	date = {2024-05-17},
	publisher = {Edward Elgar Publishing},
	pages = {400--414},
	doi = {10.4337/9781800888265.00039},
	url = {http://dx.doi.org/10.4337/9781800888265.00039}
}



@article{lévy-garboua2004,
	title = {Reported job satisfaction: what does it mean?},
	author = {{Lévy-Garboua}, Louis and Montmarquette, Claude},
	year = {2004},
	month = {04},
	date = {2004-04},
	journal = {The Journal of Socio-Economics},
	pages = {135--151},
	volume = {33},
	number = {2},
	doi = {10.1016/j.socec.2003.12.017},
	url = {http://dx.doi.org/10.1016/j.socec.2003.12.017},
	langid = {en}
}

@article{sjPlot,
	title = {sjPlot: Data Visualization for Statistics in Social Science},
	author = {{Lüdecke}, Daniel},
	year = {2024},
	date = {2024},
	url = {https://CRAN.R-project.org/package=sjPlot}
}

@inbook{montalvao2017,
	title = {The Great Recession and Youth Labor Market Outcomes in International Perspective},
	author = {{Mont'alvao}, Arnaldo and Mortimer, Jeylan T. and Johnson, Monica Kirkpatrick},
	year = {2017},
	month = {08},
	date = {2017-08-31},
	publisher = {Cambridge University Press},
	pages = {52--74},
	doi = {10.1017/9781316779507.004},
	url = {http://dx.doi.org/10.1017/9781316779507.004}
}

@article{oneill1990,
	title = {The Role of Human Capital in Earnings Differences Between Black and White Men},
	author = {{O'Neill}, June},
	year = {1990},
	month = {11},
	date = {1990-11-01},
	journal = {Journal of Economic Perspectives},
	pages = {25--45},
	volume = {4},
	number = {4},
	doi = {10.1257/jep.4.4.25},
	url = {http://dx.doi.org/10.1257/jep.4.4.25},
	langid = {en}
}

@Manual{r2024,
    title = {R: A Language and Environment for Statistical Computing},
    author = {{R Core Team}},
    organization = {R Foundation for Statistical Computing},
    address = {Vienna, Austria},
    year = {2024},
    url = {https://www.R-project.org/},
  }

@techreport{wbstep2014,
  title = {STEP skills measurement surveys: innovative tools for assessing skills},
  author = {{World Bank}},
  howpublished = {Social protection and labor discussion paper N. 1421},
  publisher = {World Bank Group},
  address = {Washington, D.C.},
  url = {http://documents.worldbank.org/curated/en/516741468178736065/STEP-skills-measurement-surveys-innovative-tools-for-assessing-skills},
  year = {2014}
}

@report{wef2025,
  title        = {Future of Jobs Report 2025: Insight Report},
  author       = {{World Economic Forum}},
  year         = {2025},
  institution  = {World Economic Forum},
  url          = {https://reports.weforum.org/docs/WEF_Future_of_Jobs_Report_2025.pdf},
  note         = {Accessed October 2025}
}

@article{avanesian2022,
	title = {Можно ли улучшить успеваемость школьников из беднейших семей, инвестируя в их некогнитивные навыки? Каузальный анализ методом сопоставления мер склонности},
	author = {Аванесян, Карен Алексеевич and Боровская, Марина Александровна and Рыжова, Виктория Сергеевна and Кирик, Владимир Александрович and Егорова, Валерия Александровна and Бермус, Александр Григорьевич},
	year = {2022},
	month = {03},
	date = {2022-03-17},
	journal = {Вопросы образования / Educational Studies Moscow},
	pages = {13--53},
	number = {1},
	doi = {10.17323/1814-9545-2022-1-13-53},
	url = {http://dx.doi.org/10.17323/1814-9545-2022-1-13-53}
}

@article{zudina2022,
	title = {Некогнитивные навыки молодежи NEET в России},
	author = {Зудина, Анна Алексеевна},
	year = {2022},
	month = {12},
	date = {2022-12-22},
	journal = {Вопросы образования / Educational Studies Moscow},
	pages = {154--183},
	number = {4},
	language = {ru},
	doi = {10.17323/1814-9545-2022-4-154-183},
	url = {http://dx.doi.org/10.17323/1814-9545-2022-4-154-183}
}

@article{zudina2024,
	title = {Субъективная отдача от некогнитивных навыков на российском рынке труда: на примере удовлетворенности работой},
	author = {Зудина, Анна Алексеевна},
	year = {2024},
	month = {03},
	date = {2024-03-04},
	journal = {Мониторинг общественного мнения: экономические и социальные перемены},
	number = {1},
	language = {ru},
	doi = {10.14515/monitoring.2024.1.2493},
	url = {http://dx.doi.org/10.14515/monitoring.2024.1.2493}
}



@article{gimpelson2020,
	title = {Некогнитивные компоненты человеческого капитала: что говорят российские данные},
	author = {Гимпельсон, В. Е. and Зудина, А. А. and Капелюшников, Р. И.},
	year = {2020},
	month = {11},
	date = {2020-11-06},
	journal = {Вопросы экономики},
	pages = {5--31},
	number = {11},
	doi = {10.32609/0042-8736-2020-11-5-31},
	url = {http://dx.doi.org/10.32609/0042-8736-2020-11-5-31}
}

@article{gimpelson2016,
	title = {Нужен ли российской экономике человеческий капитал? Десять сомнений},
	author = {Гимпельсон, В. Е.},
	year = {2016},
	month = {10},
	date = {2016-10-20},
	journal = {Вопросы экономики},
	pages = {129--143},
	number = {10},
	doi = {10.32609/0042-8736-2016-10-129-143},
	url = {http://dx.doi.org/10.32609/0042-8736-2016-10-129-143}
}

@article{kuzminov2019,
	title = {Общие и специальные навыки как компоненты человеческого капитала: новые вызовы для теории и практики образования},
	author = {Кузьминов, Ярослав Иванович and Сорокин, Павел Сергеевич and Фрумин, Исак Давидович},
	year = {2019},
	month = {06},
	date = {2019-06-11},
	journal = {Форсайт},
	pages = {19--41},
	volume = {13},
	number = {2},
	doi = {10.17323/2500-2597.2019.2.19.41},
	url = {http://dx.doi.org/10.17323/2500-2597.2019.2.19.41}
}

@techreport{rosstat2024,
  title={Рабочая сила, занятость и безработица в России },
  author={ Росстат},
  institution={Федеральная служба государственной статистики},
  type={Report},
  year={2024},
  url={https://rosstat.gov.ru/storage/mediabank/Rab_sila_2024.pdf}
}

@article{rozhkova2019,
	title = {Отдача от некогнитивных характеристик на российском рынке труда},
	author = {Рожкова, Ксения Викторовна},
	year = {2019},
	month = {11},
	date = {2019-11-06},
	journal = {Вопросы экономики},
	pages = {81--107},
	language = {ru},
	number = {11},
	doi = {10.32609/0042-8736-2019-11-81-107},
	url = {http://dx.doi.org/10.32609/0042-8736-2019-11-81-107}
}

@article{rozhkova2021,
	title = {Отдача на магистерскую степень на российском рынке труда},
	author = {Рожкова, Ксения Викторовна and Рощин, Сергей Юрьевич and Солнцев, Сергей Александрович and Травкин, Павел Викторович},
	year = {2021},
	month = {08},
	date = {2021-08-07},
	journal = {Вопросы экономики},
	pages = {69--92},
	number = {8},
	language = {ru},
	doi = {10.32609/0042-8736-2021-8-69-92},
	url = {http://dx.doi.org/10.32609/0042-8736-2021-8-69-92}
}

@article{rozhkova2021a,
	title = {Некогнитивные характеристики и выбор в сфере высшего образования},
	author = {Рожкова, Ксения Викторовна and Рощин, Сергей Юрьевич},
	year = {2021},
	month = {12},
	date = {2021-12-13},
	journal = {Вопросы образования / Educational Studies Moscow},
	pages = {35--73},
	number = {4},
	language = {ru},
	doi = {10.17323/1814-9545-2021-4-35-73},
	url = {http://dx.doi.org/10.17323/1814-9545-2021-4-35-73}
}

@article{rozhkova2021c,
	title = {Влияние некогнитивных характеристик на выбор траекторий в высшем образовании: взгляд экономистов},
	author = {Рожкова, Ксения Викторовна and Рощин, Сергей Юрьевич},
	year = {2021},
	month = {09},
	date = {2021-09-21},
	journal = {Вопросы образования / Educational Studies Moscow},
	pages = {138--167},
	number = {3},
	language = {ru},
	doi = {10.17323/1814-9545-2021-3-138-167},
	url = {http://dx.doi.org/10.17323/1814-9545-2021-3-138-167}
}

@article{zudina2023,
	title = {Человеческий капитал неформальных работников в России: о чем говорят некогнитивные навыки},
	author = {Зудина, Анна Алексеевна},
	year = {2023},
	month = {02},
	date = {2023-02-12},
	journal = {Мир России},
	pages = {37--60},
	volume = {32},
	number = {1},
	doi = {10.17323/1811-038x-2023-32-1-37-60},
	url = {http://dx.doi.org/10.17323/1811-038X-2023-32-1-37-60}
}






@article{lewis2018,
	title = {Widespread associations between trait conscientiousness and thickness of brain cortical regions},
	author = {Lewis, Gary J. and Dickie, David Alexander and Cox, Simon R. and Karama, Sherif and Evans, Alan C. and Starr, John M. and Bastin, Mark E. and Wardlaw, Joanna M. and Deary, Ian J.},
	year = {2018},
	month = {08},
	date = {2018-08},
	journal = {NeuroImage},
	pages = {22--28},
	volume = {176},
	doi = {10.1016/j.neuroimage.2018.04.033},
	url = {http://dx.doi.org/10.1016/j.neuroimage.2018.04.033},
	langid = {en}
}
